3500 5309
823 684 880 761 25

352 898 469 983 chari
509 900 664 1011 aliquid
684 968 688 975 ,
705 913 747 983 et
792 900 991 1011 exiguum
1026 899 1111 981 vini
1148 882 1347 1009 adjicituc.

352 1059 575 1144 Interdum
589 1016 798 1168 commcta
820 1059 1011 1141 intestina
1029 1057 1179 1143 utiliter
1196 1057 1353 1139 leniunt
1389 1108 1391 1114 ·

352 1220 568 1329 glutinosa,
594 1232 643 1301 ut
671 1217 810 1301 Pulvis
833 1216 1129 1327 Tragacanthae
1159 1220 1355 1327 composi-

359 1388 434 1473 ωε,
469 1380 534 1461 vel
574 1407 716 1461 sevum
754 1379 794 1460 in
833 1380 940 1461 lactc
976 1379 1183 1460 incoctum
1214 1381 1353 1461 donec

353 1538 546 1621 tabuerit.
603 1537 806 1635 Quaedam
834 1540 961 1622 ctiam
980 1541 1026 1621 in
1053 1540 1192 1621 alvum
1209 1537 1354 1621 *infun-

353 1698 523 1792 duntur,
543 1708 590 1825 ct
607 1699 677 1809 jus
700 1700 866 1809 pingue,
880 1700 948 1781 vel
967 1699 1177 1810 Mucilago
1194 1700 1351 1811 Amyli,

360 1868 516 1939 etcum
535 1854 599 1937 his
616 1854 825 1942 Tincturae
841 1858 940 1969 opii
958 1871 1082 1970 guttae
1096 1888 1179 1941 sex.
1218 1857 1354 1942 Dum·

361 2015 485 2125 modo
531 2016 764 2099 consistant*
789 2018 892 2100 vires
912 2077 913 2080 κ
934 2032 975 2101 et
1015 2020 1095 2102 cibi
1142 2021 1351 2131 cupiditaS,

361 2176 473 2257 alvus
509 2171 597 2256 susa
629 2176 814 2284 periculo.
840 2190 972 2261 vacat.
1033 2176 1149 2260 Cutis
1177 2180 1350 2277 astricta,

359 2316 463 2415 dum
480 2334 594 2414 alvus
611 2332 827 2441 argillacea
846 2337 1040 2430 excernit,
1058 2334 1246 2447 pestifera
1264 2352 1335 2422 est.
1359 2348 1364 2355 '

663 2686 1051 2726 m

722 2956 876 3021 CAPUT
896 2957 984 3022 XIX.

636 3183 700 3259 De
717 3182 799 3259 Am·
817 3180 1062 3263 Procidencic.

446 3445 783 3535 NoNNuNQUAM
803 3476 905 3534 anus
921 3452 1113 3560 procidit:
1138 3460 1249 3566 quod
1268 3456 1355 3543 fieri

360 3607 573 3689 consuevit
598 3608 665 3689 vel
696 3603 750 3689 cx
778 3611 870 3693 alvo
896 3608 992 3706 fusa,
1023 3615 1168 3699 velex
1197 3620 1355 3705 calculo·

364 3767 518 3863 vesicae,
547 3768 686 3849 velex
704 3769 847 3852 morbo
863 3772 1055 3857 intestini.·
1115 3775 1200 3859 His·
1216 3778 1354 3892 itaque

317 3971 324 3985 =
364 3928 567 4024 restitutis,
607 3927 707 4012 illud
737 3927 917 4013 finietur.
974 3929 1023 4014 In
1054 3935 1142 4017 aliis
1174 3937 1357 4022 debilitas¹

361 4088 447 4169 sola
475 4088 591 4170 hunc
615 4088 806 4171 morbum
833 4088 996 4173 videtur
1027 4088 1223 4177 effecisse:
1253 4108 1357 4179 tunc

356 4245 509 4356 juvant
534 4274 627 4356 quae
644 4246 713 4327 vel'
732 4271 878 4358 corpus
901 4249 1144 4349 universum,
1169 4254 1235 4335 vel
1266 4255 1356 4339 istas'

364 4380 501 4519 partcs
529 4407 732 4502 roborant,
758 4421 803 4490 ut
831 4422 969 4493 cortex
997 4410 1253 4523 Angusturae,
1288 4420 1355 4499 vel
