3500 5309
821 618 893 705 ³3·

353 833 473 946 hujus
508 840 638 925 motbi
668 843 824 955 speeies
851 870 879 925 e
907 841 1095 925 secundo*
1117 839 1199 925 fere
1232 831 1341 924 anno

354 997 408 1079 ad
427 998 653 1089 decimum
691 1006 882 1103 nascitur,
913 1017 956 1087 et
978 1006 1111 1089 minus
1136 1002 1252 1097 facile
1276 1031 1342 1087 co-

354 1161 569 1269 gnoscitun.
628 1144 875 1278 inutraque
890 1165 1039 1276 humor
1052 1163 1094 1246 in
1111 1162 1345 1246 ventriculis

355 1318 511 1402 cerebri
532 1319 670 1417 haeret.
730 1322 945 1408 Interdum
963 1323 1016 1405 eb
1032 1324 1113 1407 ictu
1132 1320 1344 1435 profecisse

355 1478 463 1559 visus
479 1493 568 1578 cst3
599 1484 745 1594 sepius
762 1512 824 1590 „ex
840 1486 963 1568 nulla
986 1480 1199 1567 manifeste
1223 1508 1346 1566 causa

294 1750 297 1754 1
357 1650 465 1731 ortus
507 1652 578 1725 est.
626 1640 757 1727 'Vidi
793 1673 969 1756 puerum
1007 1644 1234 1727 decennem
1257 1641 1345 1756 ¹hoc

357 1801 500 1883 morbo
528 1802 834 1917 interemptum,
880 1808 951 1919 qui
982 1770 1210 1889 affirmabat
1245 1805 1347 1887 duos

357 1962 430 2044 sibi
451 1960 592 2045 fintres
608 1978 652 2046 et
665 1966 779 2047 dues·
796 1993 950 2048 sorores
968 1966 1115 2048 eodem
1139 1975 1233 2047 ante
1258 1992 1347 2075 per-

360 2122 461 2241 iisse.
521 2122 572 2207 In
601 2126 731 2207 altera
755 2123 909 2208 familia
933 2152 1004 2207 sex
1036 2123 1177 2207 ordine
1203 2152 1348 2237 pueros

359 2280 528 2367 biennes
546 2286 603 2369 illi
621 2285 872 2407 succubuisse
892 2285 1124 2398 accepimus
1139 2290 1179 2368 *.
1258 2288 1261 2293 ’

444 2445 556 2529 Illius
580 2446 740 2560 speciei,
770 2478 863 2560 quae
891 2448 1017 2530 ¹senius
1046 2446 1231 2542 nascitur,
1261 2445 1350 2529 haee

359 2605 475 2717 signa
491 2619 609 2704 sunt;
639 2606 844 2705 febricula,
865 2606 1022 2689 dolores
1043 2606 1183 2716 cepitis
1207 2634 1351 2718 repen·

362 2767 448 2863 tini,
488 2795 652 2865 nausea,
683 2766 903 2862 hebetudo,
946 2764 1200 2876 impatientia
1240 2766 1349 2864 lucie,

361 2926 570 3021 delirium·
584 2922 769 3008 dilatatio
787 2922 1045 3036 pupillarum,
1072 2912 1269 3035 generum
1287 2954 1352 3008 ru·

276 3064 286 3077 ’
363 3085 448 3182 bor,
482 3099 541 3168 et·
557 3085 681 3170 modo
710 3095 913 3178 vetemus
939 3083 1064 3164 modo
1090 3081 1352 3165 distentiones

364 3244 654 3340 membrorum,
679 3243 857 3353 denique
874 3240 980 3322 intra
998 3268 1180 3323 mensem
1199 3266 1318 3323 mors.

393 3463 397 3468 -
446 3407 653 3491 Adversus
698 3405 1048 3517 hydrocephalum
1086 3405 1199 3487 nulle
1240 3416 1352 3488 'cesta

367 3568 565 3651 remedia·
589 3562 755 3653 invente
789 3580 894 3651 sunt.
951 3534 1156 3679 Plerique
1202 3556 1353 3651 medici

365 3719 676 3840 hydrargyrum·
691 3724 886 3813 adhibent
910 3726 977 3821 sie,
1001 3737 1048 3807 ut
1072 3725 1239 3809 salivam
1267 3746 1353 3809 mo-
1424 3784 1428 3793 «

367 3899 513 3986 veat»
545 3884 640 3970 Hoc
682 3897 845 3997 praestet
875 3884 941 3969 vel
982 3897 1248 3996 unguentum,
1286 3884 1353 3969 vel

527 4349 552 4439 ‚⁴⁶
574 4342 778 4421 Underwood
794 4366 837 4409 on
850 4344 994 4411 Diseases
1009 4342 1047 4437 ef
1057 4344 1186 4411 Infans

865 4532 893 4587 Ι)
