3500 5309
744 1113 900 1182 CAPUT
919 1112 1004 1179 LIX.

700 1340 764 1419 ne
780 1336 899 1441 Spina
924 1334 1048 1437 spen.

462 1607 641 1689 Srmsn
673 1604 845 1689 bifidam
874 1603 1052 1689 ostendit
1080 1613 1216 1687 tumor
1244 1598 1375 1685 mollis
1523 1715 1525 1719 .

361 1760 434 1850 'ex
455 1766 595 1878 aliqua
618 1777 734 1877 perte
757 1764 899 1878 spinae,
927 1762 1111 1849 maxime
1136 1762 1256 1846 circa·
1272 1758 1377 1845 lum·

380 1928 463 2024 boe,
483 1939 605 2012 ortus.
662 1927 821 2012 Scilicet
839 1954 1046 2037 processus
1062 1922 1226 2035 spinalis
1242 1921 1376 2018 unius,

381 2098 454 2169 aut
471 2086 653 2199 plurium
673 2084 963 2182 vertebrarum,
982 2085 1050 2169 vel
1068 2084 1239 2173 omnino
1251 2062 1375 2180 deest,

379 2249 449 2330 vel
482 2244 674 2342 {inditum
715 2257 757 2327 et
784 2244 1038 2341 membrana,
1072 2273 1162 2356 quae
1192 2242 1378 2329 eontinet

381 2409 621 2504 medullam,
651 2406 823 2490 humore
841 2406 948 2489 intus
966 2406 1137 2489 collecto
1156 2402 1376 2514 prominet.

385 2564 611 2678 Postquam
629 2593 680 2649 ea
696 2577 820 2678 rupte
843 2577 923 2664 est,¹
944 2532 1127 2677 sequitur
1149 2562 1378 2649 inflamma-

382 2729 441 2811 tio
471 2726 665 2811 medulloe
692 2729 735 2811 in
762 2728 890 2840 spine,
928 2738 972 2809 et
999 2728 1082 2811 cita
1112 2754 1231 2811 mors.
1291 2724 1378 2824 Qui

294 2926 297 2930 ·
368 2888 463 2971 *hoc
487 2878 587 2972 vitio
613 2887 813 2984 laborant,
840 2887 1074 3001 quindecim
1100 2914 1259 2973 menses
1287 2914 1379 2972 raro

384 3048 615 3158 superstites
631 3059 738 3131 sunt.

332 3314 336 3321 q
468 3205 577 3290 Leni
600 3217 644 3287 et
666 3205 826 3287 assiduo
848 3205 1145 3315 compressione
1171 3203 1279 3287 fucta
1304 3204 1378 3288 hu·

384 3364 598 3449 moremne
616 3364 811 3448 resorberi
830 3392 945 3483 posse
960 3363 1149 3447 credibile
1165 3369 1250 3449 est?
1306 3365 1378 3449 An

385 3519 483 3607 licet
511 3552 586 3636 per
605 3525 893 3609 vulnusculum
916 3518 1132 3639 obliquum
1161 3526 1378 3609 humorem

384 3656 561 3768 educere
573 3689 622 3770 *l
1397 3646 1406 3669 ⁶

475 4034 497 4077 *
516 4034 554 4097 In
578 4032 669 4096 Actis
691 4032 859 4098 Societetis
882 4032 994 4121 Regiae
1021 4032 1225 4100 Medicorum
1251 4035 1378 4102 Parisiis
1448 4094 1451 4101 ,

387 4146 487 4224 (anno
503 4150 598 4223 1784,
613 4164 647 4229 p.
657 4145 726 4224 66.)
750 4142 887 4210 traditur
902 4142 1169 4231 historiejuvenis
1182 4160 1331 4211 osterum
1344 4161 1378 4213 et

387 4250 575 4316 vicesimum
590 4271 711 4317 sunum
723 4252 859 4338 agentis,
882 4273 980 4340 quem
997 4265 1180 4318 nascentem
1197 4274 1379 4341 occupave-

383 4370 436 4446 rpt
448 4358 630 4447 hujusmodi
646 4372 753 4425 tumor
768 4361 802 4425 in
815 4358 941 4429 lumbis.
974 4360 1175 4427 Duodecimo
1189 4382 1285 4443 anno,
1302 4385 1379 4429 cum

386 4487 511 4555 magne
527 4469 597 4557 jam
616 4467 709 4539 molis
728 4482 822 4551 esset,
846 4468 1017 4557 chirurgus
1037 4490 1112 4535 eum
1134 4469 1321 4557 perforavit,
1345 4488 1377 4537 er
