3500 5309
883 679 939 763 66

780 1078 933 1145 CAPUT
953 1076 1039 1156 nv.

700 1410 707 1421 ἤ
785 1303 850 1380 De
866 1277 1034 1381 Strumci.

498 1540 682 1623 StriuMA
713 1554 785 1640 est,
819 1541 889 1626 ubi
917 1543 1117 1655 glandule
1147 1541 1407 1653 lymphaticae

418 1710 593 1797 tument,
636 1714 710 1783 aut
751 1702 957 1787 interdum
1000 1700 1322 1802 inflammantur,
1366 1712 1410 1783 et

415 1874 665 1972 suppurent:
706 1864 817 1976 quod
853 1892 950 1948 cum
982 1863 1070 1947 eliis
1102 1862 1146 1945 in
1178 1862 1286 1957 locis,
1320 1873 1409 1944 tum

417 2022 621 2133 praecipue
646 2010 868 2107 in'cervice
895 2022 954 2108 fit.
1015 2022 1065 2107 In
1091 2022 1224 2135 pueris
1246 2048 1410 2133 quoque

388 2184 391 2189 ’
416 2180 620 2291 glandulae
643 2181 918 2265 mesentericae
943 2184 1078 2263 eidem
1096 2183 1197 2263 vitio
1220 2191 1317 2264 sunt
1339 2208 1410 2291 op-

417 2353 612 2452 portunae,
650 2370 705 2424 ex
740 2371 822 2453 quo
855 2352 991 2427 tumet
1021 2351 1178 2438 venter,
1214 2352 1410 2432 coeterum

415 2531 562 2615 corpus
579 2504 799 2587 macrescit.
821 2513 825 2522 '

498 2663 665 2744 Struma
696 2658 912 2747 manifesta
943 2690 1029 2744 esse
1059 2661 1270 2744 consuevit
1304 2662 1413 2761 inter¹

416 2822 643 2905 secundum
675 2834 718 2904 et
749 2822 1039 2906 duodecimum
1069 2848 1253 2918 annum3
1287 2822 1408 2905 inter·

418 2981 519 3063 dum
551 2982 683 3063 seiiuS.
717 2978 854 3064 Tum
883 2982 971 3063 illos
988 2982 1202 3092 'precipue
1237 2980 1405 3079 invadit,

417 3138 488 3249 qui
507 3138 740 3250 parentibus
756 3139 960 3230 strumosis
978 3140 1063 3222 nati
1081 3151 1187 3235 sunt,
1201 3152 1244 3223 et
1262 3139 1407 3252 quibus

417 3326 563 3409 corpus
589 3295 809 3394 infirmum,
842 3296 954 3379 color
980 3295 1105 3393 albus,
1135 3324 1254 3380 nares
1281 3310 1406 3411 atque

417 3460 531 3544 labra
556 3460 727 3556 tumida,
758 3458 1043 3571 palpebraeque
1076 3445 1406 3542 inflammationi·

416 3620 490 3704 bus
506 3619 655 3705 crebris
672 3621 868 3705 obnoxiae.

498 3779 604 3875 Alia,
633 3791 676 3863 et
704 3778 863 3889 gravior
886 3777 1007 3890 hujus
1031 3776 1161 3861 morbi
1184 3777 1337 3889 species
1359 3776 1406 3861 fit

415 3940 459 4023 in
481 3936 613 4048 digitis
633 3947 758 4046 atque
777 3934 953 4032 artubus,
980 3963 1081 4046 quos
1107 3933 1331 4036 tumefacit,
1361 3948 1405 4020 et
1491 3958 1494 3965 ’
1627 4008 1628 4044 Ν

414 4098 632 4192 exulcerat,
652 4094 862 4176 autetiam
881 4121 1039 4206 prorsus
1057 4094 1207 4177 exedit.

496 4252 658 4338 Contra
678 4265 873 4335 stmmam
900 4252 1062 4363 prodest
1084 4252 1128 4336 in
1145 4255 1236 4337 loca
1254 4255 1404 4338 mariti·

405 4441 475 4498 ma
491 4413 669 4511 transite,
689 4424 781 4497 tum
800 4410 844 4497 in
865 4439 981 4497 mare
1000 4414 1258 4515 descendere,
1278 4415 1402 4502 modo
1625 4438 1626 4451 ¹
