3500 5309
820 655 874 742 67

275 978 280 983 ,
351 900 459 986 aeger
481 901 565 957 non
592 872 820 959 febricitet.v
862 876 990 961 Simul
1014 860 1260 990 quibuedem
1282 904 1340 961 se·
1483 957 1485 962 .

349 1032 479 1116 lutare
496 1034 630 1118 visum
649 1048 709 1117 est
725 1064 844 1147 aquae
862 1037 1030 1129 marinae
1052 1036 1189 1121 bibere
1212 1000 1340 1149 quen·

350 1205 440 1277 tum
458 1196 598 1278 alvum
618 1210 782 1280 moveat
799 1197 997 1316 tertiove}
1015 1208 1161 1307 quarto
1174 1222 1339 1306 quoque

349 1352 414 1435 die
444 1352 605 1436 diutius.
666 1353 871 1437 Omnibus
904 1352 987 1438 sere
1020 1353 1126 1435 utilis
1156 1366 1215 1435 est
1243 1350 1339 1436 Cin·

348 1510 494 1607 chona,
522 1511 589 1594 vel
614 1513 919 1597 medicamenta
948 1542 1040 1625 quae
1067 1512 1222 1597 habent
1244 1509 1338 1595 Cin·

348 1671 524 1755 chonam
543 1684 585 1754 et
604 1669 777 1756 Natron.

430 1829 592 1915 Potioni
607 1833 813 1945 aptissima
830 1846 891 1916 est
907 1860 1015 1945 equa
1033 1831 1334 1931 Malvemensie

345 1990 412 2073 vel
437 1992 639 2074 distillata.
701 1989 827 2077 Cibus
844 2021 899 2075 ex
922 1994 1038 2076 tenui
1060 1993 1227 2075 onmiuo
1251 2019 1336 2075 ma·
1397 2106 1399 2111 s

346 2149 447 2233 terie
466 2179 549 2233 esse
567 2150 701 2246 debet,
721 2153 792 2263 qui
810 2181 955 2265 eorpus
972 2151 1138 2249 reficiet,
1165 2164 1209 2235 et
1230 2180 1335 2235 mor-

344 2310 446 2397 bum
463 2340 548 2396 non
567 2326 792 2425 exasperet,

714 2937 867 3005 CAPUT
887 2936 959 3002 LV.

645 3165 710 3241 De
726 3164 843 3269 Spina
867 3178 1019 3241 ventosa.

341 3424 363 3535 J
424 3423 495 3508 An
516 3436 715 3508 strumam
738 3451 902 3537 quoque
930 3424 1106 3534 pertinet
1134 3424 1202 3506 ille
1225 3452 1331 3507 mor·

342 3583 428 3683 bus,
457 3584 528 3697 qui
556 3584 674 3694 spina
699 3580 869 3665 ventosa
899 3580 1148 3693 appellatum
1180 3581 1223 3665 in
1247 3611 1331 3695 quo

338 3772 451 3856 genu
477 3742 546 3826 diu
576 3753 710 3825 tumet
740 3742 943 3853 doletque,
975 3752 1018 3822 et
1048 3741 1215 3825 tandem
1244 3769 1331 3824 ossa

341 3902 430 4014 ip‘sa
465 3913 790 4015 corrumpuntur.
862 3899 941 3984 His
973 3900 1176 3983 accedunt
1211 3897 1330 3983 febris

342 4060 501 4147 hectica
518 4073 561 4145 et
579 4060 704 4145 tabes.

423 4219 618 4305 Recentis
662 4217 794 4304 morbi
839 4216 1025 4301 remedia
1062 4216 1209 4299 eadem
1247 4213 1329 4301 fere

342 4406 435 4491 quae
451 4392 615 4467 strumae
627 4392 744 4464 sunt:
774 4390 971 4491 praeterea
984 4375 1176 4463 convenit
1193 4376 1330 4459 ulcera

801 4566 823 4619 r
843 4542 868 4619 2
