3500 5309
854 661 912 742 24

391 885 534 969 saltem
569 883 681 967 diem
714 881 1001 995 conquiescere
1047 879 1281 991 priusquam
1327 879 1382 961 ad
1502 860 1507 871 ’

391 1042 638 1135 medicinam
662 1040 900 1153 confugitur.
958 1038 1194 1124 Autumnus
1215 1040 1276 1121 his
1297 1066 1383 1121 ma-

391 1204 438 1285 lis
454 1203 634 1286 maxime
654 1213 907 1313 opportunus
930 1211 1001 1283 est.
1059 1161 1275 1281 Interdum
1301 1198 1380 1283 loci

273 1438 276 1443 .
391 1364 562 1447 mutatio
597 1363 735 1445 alvum
772 1334 962 1445 fusiorem
1000 1359 1136 1443 fecisse
1168 1359 1253 1443 visa
1294 1371 1377 1457 est;
1416 1427 1419 1432 .

391 1524 489 1607 alias
508 1523 629 1605 nimis
652 1522 783 1605 firsam
810 1520 1000 1611 firmasse.
1058 1516 1277 1603 Nonnullis
1304 1519 1380 1605 uti-

383 1683 435 1765 lis
467 1694 527 1765 est
556 1682 755 1781 vomitus;
794 1682 980 1765 omnibus
1011 1680 1094 1765 sere
1127 1680 1379 1765 Rhaberban‘

389 1854 592 1955 quantum
634 1843 772 1925 alvum
809 1853 984 1941 moveat,
1025 1853 1068 1959 et
1100 1841 1248 1923 deinde
1281 1838 1378 1925 Cre·

381 2004 443 2098 ta,
469 2003 537 2086 vel
558 1998 692 2085 Testae
708 1998 949 2083 Ostreorum
968 2009 1212 2109 praeparatae,
1233 2009 1275 2079 et
1292 2025 1377 2079 ero-

377 2172 513 2256 ·meta,
552 2172 596 2240 et
623 2186 775 2254 emere,
816 2170 859 2239 et
890 2172 980 2269 quae
1016 2165 1204 2239 ventrem
1241 2120 1377 2239 ostrin-

377 2331 500 2433 gunt.
544 2319 592 2404 In
612 2318 749 2402 multis
767 2318 893 2398 etiarn
905 2314 1214 2398 Rhebarberum
1229 2317 1376 2407 iterum

387 2483 616 2592 iterumque
646 2478 886 2590 interpositis
906 2474 1054 2588 *spatiis
1080 2474 1272 2559 adhibere
1306 2506 1375 2559 ne-

386 2642 602 2726 cessarium
643 2651 726 2737 est;
779 2639 978 2752 siquidem
1015 2638 1261 2751 dejectiones
1291 2668 1375 2723 non

386 2802 509 2884 modo
536 2798 697 2911 liquidae
727 2810 833 2897 sunt,
873 2810 916 2881 et
941 2799 1053 2910 justo
1085 2796 1375 2911 frequentiores
1409 2881 1412 2887 ,

383 2960 503 3043 simul
530 2986 629 3041 vero
658 2986 844 3054 mucosae,
877 2970 950 3039 aut
980 2970 1169 3054 cruente,
1197 2972 1270 3041 eut
1294 2916 1381 3043 alio

383 3122 507 3204 modo
520 3119 662 3202 malae:
692 3118 887 3230 quodubi
900 3130 970 3215 est,
991 3119 1128 3214 altero,
1143 3120 1209 3201 vel
1228 3134 1373 3231 quarto
1498 3128 1504 3137 '

384 3310 548 3395 quoque
574 3281 639 3364 die
661 3280 800 3369 alvum
823 3308 988 3363 movere
1013 3278 1225 3390 oportebit,
1249 3294 1291 3364 et
1313 3284 1372 3367 in·
1496 3340 1498 3345 ,

382 3454 495 3523 terea
512 3441 609 3523 dare
628 3469 718 3552 quae
737 3467 831 3523 eam
853 3440 1134 3550 comprimere,
1156 3436 1206 3522 'et
1227 3442 1371 3526 confir-

260 3618 264 3624 ·
382 3623 509 3694 mare,
528 3597 715 3708 viresque
732 3595 900 3679 reficere
911 3596 1083 3679 valeant.
1143 3595 1255 3681 Cibis
1271 3630 1370 3712 quo-

381 3786 464 3871 que
485 3716 687 3842 utendum
715 3770 777 3839 est
803 3756 876 3855 his,
902 3756 974 3869 qui
1005 3784 1149 3867 corpus
1180 3757 1298 3854 alere,
1328 3772 1371 3843 et

381 3928 568 3999 ventrem
613 3914 831 4024 astringere
881 3925 1200 4010 consueverunt;
1254 3916 1369 4027 cujus

381 4076 538 4188 generis
575 4084 671 4156 sunt
708 4099 843 4183 oryza,
886 4084 958 4155 eut
992 4070 1121 4156 farina
1158 4072 1278 4155 tritici
1313 4102 1368 4159 ex

382 4236 488 4317 lacte
514 4242 653 4328 cocta3
682 4230 749 4313 vel
777 4258 885 4352 aqua
914 4232 956 4313 in
986 4260 1069 4345 qun
1093 4261 1218 4316 cornu
1246 4236 1367 4333 cervi,¹

382 4406 455 4473 aut
471 4389 743 4502 ichthyocolla
760 4388 930 4474 decocta
947 4401 1018 4485 est,
1039 4391 1106 4473 cui
1124 4391 1270 4481 deinde
1284 4420 1366 4483 sec.
