3500 5309
842 736 899 819 37

368 941 495 1033 enim:
517 942 716 1063 principio
744 954 786 1037 id
813 956 1025 1053 convenit,-¹
1044 962 1170 1037 venas
1193 954 1364 1045 laxiores

372 1108 522 1191 utiliter
538 1115 775 1227 constringit
793 1119 902 1234 aqua
919 1114 1060 1228 frigida
1076 1116 1142 1200 vel
1164 1143 1276 1227 pura,
1295 1114 1363 1197 vei

371 1268 494 1380 cujus·
502 1250 510 1353 ,Δ
520 1273 655 1356 unciis
677 1282 852 1385 quatuor
879 1276 1040 1388 adjecta
1067 1276 1118 1356 sit
1145 1274 1278 1385 Aquae
1293 1270 1364 1355 Li-

285 1525 289 1533 ·
373 1396 746 1540 thargytiAcetati
779 1436 1009 1548 composita
1041 1435 1262 1530 semuncia,
1291 1445 1364 1517 aut

376 1582 559 1704 Cecussae
567 1592 753 1685 Aoeutae
765 1622 892 1706 giana
903 1608 1088 1708 quatuor,
1101 1590 1294 1679 autZinci
1305 1592 1364 1677 vi·

374 1747 522 1831 uiolati
533 1754 792 1868 tantundem.
836 1751 1007 1850 Quodsi
1022 1754 1224 1867 palpebra
1242 1740 1362 1840 inhae-

373 1922 544 2005 rescant,
572 1941 694 2024 super
715 1915 918 2027 margines
938 1943 1081 2001 cortun
1105 1924 1362 2026 unguentum

372 2048 544 2186 quodvis
561 2071 655 2174 lene
672 2074 836 2185 singulis
853 2074 1039 2158 noctibus
1055 2074 1153 2157 illini
1171 2074 1305 2157 debet.

330 2337 332 2340 Ι
458 2228 606 2354 Rarius
628 2235 775 2342 vitium
799 2223 871 2330 ῥεῖ,
902 2238 943 2317 in
963 2264 1051 2346 quo
1066 2235 1205 2347 paucis
1222 2262 1247 2316 a
1264 2245 1363 2316 natu

375 2389 519 2472 diebus
543 2418 716 2503 magnus
742 2393 869 2476 oritur
898 2382 1184 2505 pal'pebramm
1215 2407 1363 2489 tumor,

377 2552 487 2635 unde
520 2554 661 2637 oculus
692 2531 959 2653 concluditur,
994 2569 1037 2638 et
1068 2557 1187 2639 simul
1217 2555 1366 2638 humor

378 2712 619 2822 purulentus
636 2736 690 2795 ex
708 2714 848 2797 tunica
865 2742 1024 2799 comea·
1036 2716 1174 2798 subtus
1192 2715 1362 2798 distillat

378 2869 594 2956 Interdum
646 2876 732 2985 ipse
778 2877 919 2958 oculus
964 2874 1056 2957 tabe
1102 2834 1362 2959 consumitur.

373 3028 629 3115 Remedium
644 3027 721 3152 ῥεῖ,
750 3034 920 3115 oculum
937 3033 1080 3143 saepius
1098 3032 1141 3115 in
1158 3033 1225 3115 dic
1243 3034 1366 3115 collu-

376 3208 446 3281 ere
474 3189 786 3287 medicamento,
816 3191 927 3302 quod
955 3188 1080 3309 habet
1105 3192 1223 3302 'aquoe
1245 3190 1366 3272 distis

376 3314 470 3442 latoe
498 3350 640 3432 uncias
667 3361 854 3461 quatuor,
884 3349 1018 3474 Aquae
1033 3346 1237 3431 Aluminis
1255 3374 1365 3431 com·

375 3509 614 3620 Pffliiffl-Vel
628 3498 766 3622 'Aquae
782 3506 897 3598 Zinci
912 3508 1114 3592 Vitriolati
1132 3526 1229 3592 cum
1243 3505 1365 3591 Cam-

380 3666 519 3779 phora,
548 3664 800 3753 drachmam.

462 3824 547 3909 Ubi
561 3856 615 3909 cx
630 3825 952 3910 inflammatione
969 3826 1285 3925 vehementiore,
1301 3831 1367 3912 vel

379 3987 461 4069 alio
478 3988 584 4069 oculi
601 3985 762 4083 affectu,
791 3988 955 4069 macula
977 3986 1070 4070 alba
1091 3999 1232 4085 restat;
1263 3987 1368 4069 utilis
1501 3994 1507 3999 ’

380 4156 442 4227 ῥεῖ
464 4172 584 4258 aqua,
615 4147 657 4228 in
681 4149 796 4260 cujus
819 4148 948 4230 unciis
975 4160 1148 4260 quatuor
1167 4147 1366 4257 liquatum

382 4315 442 4385 est
487 4302 743 4415 Hydrargyri
787 4305 951 4387 muriati
998 4329 1201 4413 granum
1250 4302 1371 4414 hujus

382 4474 508 4573 guttae
527 4463 634 4548 binoe
652 4477 715 4547 ter
732 4465 914 4577 quotidie
933 4464 1174 4548 instillandae
1191 4475 1296 4545 sunt.
