3500 5309
358 916 498 1013 carnis
535 919 587 999 de
621 946 729 1028 pane
761 931 805 1000 et
839 919 943 1001 farre
980 920 1133 1030 aliquid
1168 920 1346 1004 demere.

358 1073 450 1157 Nec
463 1105 561 1160 vero
574 1078 762 1161 omnibus
777 1080 925 1170 eadem
944 1078 1202 1162 convenient.
1234 1076 1349 1173 Quid

356 1236 399 1318 in
420 1266 584 1350 quoque
609 1266 704 1322 casu
729 1253 907 1325 erratum
932 1240 1010 1336 sit‚'
1027 1239 1276 1348 investigare,
1307 1250 1351 1319 et

356 1396 555 1507 corrigere
583 1397 808 1507 oportebit;
840 1410 897 1494 ut,
926 1396 1038 1510 quod
1064 1397 1130 1480 vel
1159 1396 1346 1507 corporis,

329 1521 422 1639 ¹vel
457 1558 547 1653 loci,
585 1560 653 1641 vel
682 1559 983 1642 consuetudinis
1019 1557 1123 1640 ratio
1159 1555 1350 1653 detrahit

356 1717 664 1799 cura'restituat.
725 1715 889 1799 Interea
907 1716 1155 1811 exercitatio,
1167 1728 1218 1797 »et
1234 1712 1347 1796 frica-

354 1870 484 1966 tiones
500 1902 553 1955 ne
572 1876 940 1985 praetemrittantur.

663 2226 1032 2273 m

718 2514 869 2594 emur
891 2524 978 2589 xm.

620 2719 623 2726 ’
703 2726 767 2804 De
785 2724 998 2823 inflatione„
1054 2748 1056 2753 ’

435 2990 680 3110 Mammas,
711 2993 856 3106 quibus
878 2993 1014 3076 alendi
1036 2990 1209 3077 infantes
1233 3020 1343 3077 corn-

353 3150 584 3247 mittuntur,
610 3152 740 3233 ¹multa
769 3153 937 3263 quidem
965 3153 1187 3263 loquuntur
1207 3153 1259 3231 de
1283 3152 1344 3233 in-

352 3308 527 3393 flatione.
586 3312 656 3396 Ad
679 3313 787 3403 hane
813 3341 942 3393 unam
969 3312 1163 3425 vagitum,
1195 3309 1343 3419 singul-

351 3482 453 3565 tum,
473 3472 741 3581 vigiliamque,
760 3471 1041 3579 vomitumque
1069 3468 1219 3579 pariter
1241 3465 1342 3550 refe-

350 3640 457 3711 runt.
517 3628 612 3711 Hoc
640 3640 781 3710 tamen
809 3628 1002 3739 impune;
1032 3626 1105 3709 nisi
1128 3654 1215 3709 mos
1243 3655 1342 3740 quo-

350 3764 431 3899 que
449 3797 552 3868 esset
568 3788 622 3869 ad
640 3784 832 3870 affectum
854 3815 962 3899 pene
986 3787 1138 3869 anilem
1163 3787 1340 3869 medica·

349 3958 491 4031 menta
524 3948 703 4060 periculo
740 3949 862 4059 plena
899 3926 1103 4030 adhibere.
1171 3912 1338 4058 Quippe

349 4108 421 4217 qui
445 4106 569 4217 Aqua
597 4106 780 4191 Mentha
806 4105 1047 4221 Piperitidis,
1079 4119 1152 4189 aut
1184 4106 1343 4216 Spiritu·

349 4263 448 4349 Vini
471 4268 690 4351 meraciore
711 4268 818 4351 hanc
843 4270 1008 4351 student
1029 4266 1244 4378 depellere,
1271 4292 1338 4348 ve·

348 4425 522 4510 rendum
536 4439 597 4510 est
612 4455 664 4511 ne
679 4456 843 4539 agrum,
863 4456 991 4539 quam
1009 4426 1208 4526 morbum,
1227 4426 1338 4538 prius

842 4611 867 4667 c
