3500 5309
851 693 914 810 jn

716 1060 1005 1169 «eamme

591 1433 594 1444 „
676 1326 895 1426 DcLabro.
911 1328 1082 1431 leporino.

384 1638 387 1644 >
404 1654 410 1661 ·
466 1584 805 1719 Nouuuuounu
824 1594 940 1679 labra
954 1594 1177 1693 finduntur,
1193 1611 1236 1681 et
1252 1628 1379 1687 manu

316 1817 323 1834 ς
381 1756 696 1857 curandasunt.
736 1754 942 1868 Tempus
959 1785 1059 1841 vero
1082 1757 1136 1839 ad
1165 1758 1206 1841 id
1230 1743 1394 1873 eligen-

265 1874 269 1884 i
381 1916 576 2000 dum-est
599 1919 668 2017 vel
695 1929 781 2000 tam
811 1945 954 2001 recens
980 1947 1007 2001 a
1033 1930 1133 2001 natu
1165 1931 1212 2002 ut
1243 1922 1399 2017 nullusv

379 2102 499 2187 paene
518 2075 632 2161 cibus
646 2078 893 2191 requiratun
911 2078 974 2162 vel
995 2090 1082 2161 tam
1106 2078 1398 2192 longinquum.

377 2251 424 2319 ut
442 2268 570 2322 manu
590 2268 694 2351 puer
710 2238 929 2334 commode
948 2239 1091 2323 nutriri
1109 2242 1242 2351 possit.
1261 2307 1269 2321 ,
1296 2241 1394 2325 Itu-⁴

308 2400 340 2493 ,’
375 2381 456 2511 que
477 2412 550 2483 aut
577 2401 710 2512 primo
733 2400 861 2483 natali
891 2400 970 2498 die,
1000 2412 1082 2498 aut,
1113 2402 1223 2513 quod
1249 2403 1376 2485 tutius
1446 2495 1449 2503 ,

304 2624 307 2630 .
373 2586 458 2639 esse
477 2559 732 2657 crediderim,
753 2588 836 2646 non
856 2561 932 2645 nisi
951 2574 1243 2673 postquatuor
1257 2592 1389 2646 men»

303 2783 307 2808 τ
372 2748 435 2805 sos
463 2718 589 2804 incidi
611 2720 778 2824 debent
806 2719 889 2803 „ln
915 2719 1156 2832 quibusdam
1185 2721 1371 2832 palatum

304 2948 311 2974 .,
372 2880 492 2961 simul
517 2878 717 2979 afficitur,·
730 2881 951 2983 undelirox
976 2877 1215 2992 imperfecta
1235 2878 1295 2977 fit,
1327 2892 1372 2965 et

371 3038 558 3151 potiones
575 3068 683 3151 saepe
702 3041 744 3122 in
763 3066 881 3121 nares
898 3050 1124 3123 transeunt.

304 3413 309 3438 ,
375 3386 510 3430 omnem
518 3362 688 3429 humorem
700 3360 834 3426 eduxit:
857 3382 967 3449 neque¹
976 3380 1061 3425 mors
1075 3359 1163 3441 inde,
1180 3361 1236 3427 sed
1256 3363 1369 3451 ingens
1423 3366 1427 3372 ’

372 3472 520 3538 debilitas
534 3484 643 3537 secuta
656 3482 724 3559 est3
746 3481 780 3534 et
794 3480 902 3533 tumor
915 3468 1005 3533 brevi
1020 3472 1187 3535 succrevit
1221 3470 1369 3539 Tandem

372 3586 526 3649 vicesimo
543 3604 641 3664 anno,
659 3604 736 3647 cum
749 3580 791 3646 ad
805 3579 1061 3669 magnitudinem
1077 3581 1192 3668 capitis
1207 3584 1368 3669 pervenis·

372 3707 433 3774 ret,
460 3694 495 3757 in
519 3692 611 3758 illum
633 3692 716 3757 forte
741 3690 868 3771 cubuit,
891 3688 978 3755 unde
1000 3690 1208 3755 inflammatio
1232 3702 1265 3755 ct
1289 3712 1367 3779 gan,-

371 3823 481 3890 graena
500 3811 765 3887 supervenerunt,
785 3810 819 3862 et
839 3798 873 3863 in
891 3820 1016 3863 summo
1031 3800 1105 3864 vitae
1120 3799 1266 3887 periculo
1281 3822 1367 3888 teger

371 3911 575 3977 versabatur:
598 3923 705 3981 tamen
723 3920 839 3996 preter
858 3907 1002 3975 omnium
1021 3929 1125 3995 spem,
1146 3930 1188 3973 eo
1200 3909 1270 3995 ipso
1284 3922 1367 3984 tern-

371 4043 452 4108 pore
473 4020 590 4087 humor
609 4029 773 4104 resorptus
792 4030 853 4099 est,
876 4029 910 4082 et
924 4017 1017 4082 firma
1031 4017 1167 4083 cicatrix
1179 4019 1213 4083 in
1228 4016 1367 4106 collapsa

300 4205 303 4210 ,
372 4131 555 4197 antefacta
599 4127 657 4195 Ille
671 4148 761 4208 vero,
776 4126 890 4193 debilis
901 4125 991 4209 licet,
1008 4124 1176 4219 superfuit.
