3500 5309
873 654 931 737 26

403 855 632 971 Cincbona,
662 885 706 957 et
735 874 886 959 lavatio
909 873 1065 987 fiigida.
1124 872 1319 986 Reposito
1337 876 1399 959 in·

399 1035 548 1118 testino
565 1036 873 1121 admovendum
891 1050 953 1120 est
969 1035 1199 1147 fomentum
1218 1064 1336 1150 aquae
1354 1039 1397 1123 in

396 1196 515 1308 eujus
549 1196 652 1282 libre
688 1199 861 1285 decocta
904 1211 965 1283 est
1009 1198 1167 1283 oor‘cicis
1209 1196 1399 1296 Quercus

398 1356 535 1439 uncio
739 1473 741 1478 ,

482 1513 622 1597 Minus
639 1512 758 1598 facile
772 1516 983 1600 deseendit
1002 1516 1236 1602 intestinum
1250 1517 1397 1629 quibus

397 1674 601 1784 provisum
612 1673 733 1759 firerit
749 1676 874 1759 sedile
893 1679 998 1760 adeo
1015 1677 1234 1774 excelsum,
1254 1690 1301 1760 ut
1316 1689 1396 1761 ter·

396 1860 486 1917 mm
505 1864 558 1919 ne
577 1837 817 1950 contingent
835 1840 962 1951 pedes
977 1840 1084 1927 iuter
1102 1839 1391 1951 dejiciendum.

767 2464 922 2528 CAPUT
942 2462 1015 2529 XX.

646 2689 712 2765 De
727 2686 958 2790 Eryszpelate
976 2684 1133 2765 Puerili.

478 2948 660 3034 Morsus
681 2952 734 3035 de
753 2980 903 3063 genere
922 2952 1169 3064 erysipeletis
1192 2955 1390 3065 quosdam

395 3088 570 3192 infantes
591 3110 723 3220 primo
745 3138 886 3195 mense
912 3111 1089 3223 corripit,
1117 3112 1298 3196 maxime
1320 3114 1390 3224 qui
1475 3088 1478 3095 Ι

394 3266 437 3349 in
472 3267 625 3350 aedibus
659 3268 830 3379 publicis
869 3281 1101 3354 nascuntur.
1174 3268 1389 3357 Mitissima

392 3426 481 3538 ejus
514 3428 667 3539 speeies
702 3432 828 3513 modo
860 3431 904 3513 in
937 3430 1072 3541 digitis
1110 3441 1153 3512 et
1187 3432 1386 3530 monibus,

393 3588 518 3673 modo
544 3589 586 3672 in
608 3568 777 3700 pedibus
801 3602 875 3675 aut
897 3592 998 3687 talis,
1027 3590 1231 3675 interdum
1260 3618 1388 3704 prope

392 3750 582 3834 articulos
603 3747 663 3849 fit,
689 3752 759 3836 ubi
782 3780 882 3841 mox
904 3751 1160 3866 subsequitur
1182 3750 1386 3839 ulceratio.

392 3906 570 3996 Gravior
587 3911 740 4022 species
757 3938 783 3995 a
801 3911 914 4023 pube
933 3911 1036 3995 solet
1057 3911 1249 4023 incipere,
1275 3907 1387 3990 unde

391 4098 468 4181 per
489 4065 696 4156 abdomen
721 4082 766 4157 et
792 4070 949 4157 femora
976 4072 1110 4185 serpit.
1169 4069 1220 4154 In
1247 4068 1390 4181 paucis

390 4228 544 4314 oollum
575 4228 774 4341 principio
806 4230 974 4315 invadit.
1031 4228 1283 4341 Ubicunque
1313 4238 1386 4324 est,

390 4350 496 4469 cutis
512 4383 561 4469 fit
578 4384 702 4470 livida
717 4399 760 4470 et
777 4387 905 4487 dura3
934 4399 1073 4473 tumor
1085 4386 1199 4475 haud
1214 4412 1389 4499 magnus
1430 4464 1432 4469 ,
