<?xml version="1.0" encoding="UTF-8"?>
<!DOCTYPE html PUBLIC "-//W3C//DTD XHTML 1.0 Transitional//EN"
    "http://www.w3.org/TR/xhtml1/DTD/xhtml1-transitional.dtd">
<html xmlns="http://www.w3.org/1999/xhtml" xml:lang="en" lang="en">
 <head>
  <title>
</title>
<meta http-equiv="Content-Type" content="text/html;charset=utf-8" />
  <meta name='ocr-system' content='tesseract 3.04.00' />
  <meta name='ocr-capabilities' content='ocr_page ocr_carea ocr_par ocr_line ocrx_word'/>
</head>
<body>
  <div class='ocr_page' id='page_1' title='image "./morborumpuerili00hebegoog_0050.png"; bbox 0 0 3500 5309; ppageno 0'>
   <div class='ocr_carea' id='block_1_1' title="bbox 892 650 947 733">
    <p class='ocr_par' dir='ltr' id='par_1_1' title="bbox 892 650 947 733">
     <span class='ocr_line' id='line_1_1' title="bbox 892 650 947 733; baseline 0 0"><span class='ocrx_word' id='word_1_1' title='bbox 892 650 947 733; x_wconf 71' lang='lat'>28</span> 
     </span>
    </p>
   </div>
   <div class='ocr_carea' id='block_1_2' title="bbox 308 869 1416 996">
    <p class='ocr_par' dir='ltr' id='par_1_2' title="bbox 308 869 1416 996">
     <span class='ocr_line' id='line_1_2' title="bbox 308 869 1416 996; baseline -0.001 -44"><span class='ocrx_word' id='word_1_2' title='bbox 308 947 312 952; x_wconf 77' lang='grc'><strong>.</strong></span> <span class='ocrx_word' id='word_1_3' title='bbox 422 897 574 953; x_wconf 86' lang='lat' dir='ltr'>nomen</span> <span class='ocrx_word' id='word_1_4' title='bbox 592 871 705 957; x_wconf 87' lang='lat' dir='ltr'>dedit</span> <span class='ocrx_word' id='word_1_5' title='bbox 721 871 832 982; x_wconf 89' lang='lat' dir='ltr'>apud</span> <span class='ocrx_word' id='word_1_6' title='bbox 850 871 1049 983; x_wconf 89' lang='lat' dir='ltr'>quosdam</span> <span class='ocrx_word' id='word_1_7' title='bbox 1068 869 1318 996; x_wconf 77' lang='lat' dir='ltr'>prembranoe</span> <span class='ocrx_word' id='word_1_8' title='bbox 1336 870 1416 953; x_wconf 89' lang='lat' dir='ltr'>cel·</span> 
     </span>
    </p>
   </div>
   <div class='ocr_carea' id='block_1_3' title="bbox 273 1026 1417 1141">
    <p class='ocr_par' dir='ltr' id='par_1_3' title="bbox 273 1026 1417 1141">
     <span class='ocr_line' id='line_1_3' title="bbox 273 1026 1417 1141; baseline 0.002 -32"><span class='ocrx_word' id='word_1_9' title='bbox 273 1124 276 1133; x_wconf 28' lang='lat'>·</span> <span class='ocrx_word' id='word_1_10' title='bbox 422 1028 557 1111; x_wconf 83' lang='lat' dir='ltr'>lularis</span> <span class='ocrx_word' id='word_1_11' title='bbox 580 1027 759 1113; x_wconf 84' lang='lat' dir='ltr'>durities.</span> <span class='ocrx_word' id='word_1_12' title='bbox 819 1026 931 1111; x_wconf 84' lang='lat' dir='ltr'>Raro</span> <span class='ocrx_word' id='word_1_13' title='bbox 959 1028 1031 1111; x_wconf 92' lang='lat' dir='ltr'>nisi</span> <span class='ocrx_word' id='word_1_14' title='bbox 1057 1029 1100 1110; x_wconf 94' lang='lat' dir='ltr'>in</span> <span class='ocrx_word' id='word_1_15' title='bbox 1127 1028 1288 1141; x_wconf 91' lang='lat' dir='ltr'>hospitii</span> <span class='ocrx_word' id='word_1_16' title='bbox 1316 1028 1417 1139; x_wconf 91' lang='lat' dir='ltr'>pub-</span> 
     </span>
    </p>
   </div>
   <div class='ocr_carea' id='block_1_4' title="bbox 416 1186 1415 2249">
    <p class='ocr_par' dir='ltr' id='par_1_4' title="bbox 416 1186 1415 2249">
     <span class='ocr_line' id='line_1_4' title="bbox 420 1186 1415 1301; baseline 0.006 -34"><span class='ocrx_word' id='word_1_17' title='bbox 420 1187 488 1270; x_wconf 90' lang='lat' dir='ltr'>lici</span> <span class='ocrx_word' id='word_1_18' title='bbox 524 1187 643 1271; x_wconf 90' lang='lat' dir='ltr'>turba</span> <span class='ocrx_word' id='word_1_19' title='bbox 683 1190 881 1286; x_wconf 50' lang='lat' dir='ltr'>nascituro</span> <span class='ocrx_word' id='word_1_20' title='bbox 927 1186 1176 1301; x_wconf 87' lang='lat' dir='ltr'>frequentius</span> <span class='ocrx_word' id='word_1_21' title='bbox 1212 1188 1337 1273; x_wconf 85' lang='lat' dir='ltr'>etiarn</span> <span class='ocrx_word' id='word_1_22' title='bbox 1372 1190 1415 1272; x_wconf 92' lang='lat' dir='ltr'>in</span> 
     </span>
     <span class='ocr_line' id='line_1_5' title="bbox 420 1346 1414 1464; baseline 0.002 -33"><span class='ocrx_word' id='word_1_23' title='bbox 420 1348 670 1444; x_wconf 87' lang='lat' dir='ltr'>continente,</span> <span class='ocrx_word' id='word_1_24' title='bbox 690 1375 823 1464; x_wconf 84' lang='lat' dir='ltr'>quam</span> <span class='ocrx_word' id='word_1_25' title='bbox 850 1350 963 1460; x_wconf 86' lang='lat' dir='ltr'>apud</span> <span class='ocrx_word' id='word_1_26' title='bbox 988 1378 1091 1451; x_wconf 78' lang='lat' dir='ltr'>nos,¹</span> <span class='ocrx_word' id='word_1_27' title='bbox 1132 1346 1249 1433; x_wconf 90' lang='lat' dir='ltr'>Cutis</span> <span class='ocrx_word' id='word_1_28' title='bbox 1278 1348 1326 1432; x_wconf 91' lang='lat' dir='ltr'>lit</span> <span class='ocrx_word' id='word_1_29' title='bbox 1356 1350 1414 1433; x_wconf 92' lang='lat' dir='ltr'>in·</span> 
     </span>
     <span class='ocr_line' id='line_1_6' title="bbox 421 1506 1414 1624; baseline 0.001 -33"><span class='ocrx_word' id='word_1_30' title='bbox 421 1522 535 1593; x_wconf 87' lang='lat' dir='ltr'>tenta</span> <span class='ocrx_word' id='word_1_31' title='bbox 567 1522 610 1591; x_wconf 89' lang='lat' dir='ltr'>et</span> <span class='ocrx_word' id='word_1_32' title='bbox 639 1506 753 1605; x_wconf 86' lang='lat' dir='ltr'>dura,</span> <span class='ocrx_word' id='word_1_33' title='bbox 787 1524 831 1593; x_wconf 91' lang='lat' dir='ltr'>et</span> <span class='ocrx_word' id='word_1_34' title='bbox 861 1511 1052 1624; x_wconf 89' lang='lat' dir='ltr'>subjectis</span> <span class='ocrx_word' id='word_1_35' title='bbox 1084 1510 1269 1599; x_wconf 86' lang='lat' dir='ltr'>carnibus</span> <span class='ocrx_word' id='word_1_36' title='bbox 1300 1512 1414 1623; x_wconf 86' lang='lat' dir='ltr'>quasi</span> 
     </span>
     <span class='ocr_line' id='line_1_7' title="bbox 422 1666 1409 1781; baseline 0.002 -30"><span class='ocrx_word' id='word_1_37' title='bbox 422 1666 557 1765; x_wconf 83' lang='lat' dir='ltr'>affixa,</span> <span class='ocrx_word' id='word_1_38' title='bbox 589 1670 791 1781; x_wconf 83' lang='lat' dir='ltr'>praecipue</span> <span class='ocrx_word' id='word_1_39' title='bbox 811 1670 851 1752; x_wconf 91' lang='lat' dir='ltr'>in</span> <span class='ocrx_word' id='word_1_40' title='bbox 871 1670 997 1780; x_wconf 87' lang='lat' dir='ltr'>genis,</span> <span class='ocrx_word' id='word_1_41' title='bbox 1023 1670 1199 1774; x_wconf 79' lang='lat' dir='ltr'>artubuS,</span> <span class='ocrx_word' id='word_1_42' title='bbox 1225 1683 1268 1753; x_wconf 91' lang='lat' dir='ltr'>et</span> <span class='ocrx_word' id='word_1_43' title='bbox 1288 1670 1409 1781; x_wconf 62' lang='lat' dir='ltr'>pube</span> 
     </span>
     <span class='ocr_line' id='line_1_8' title="bbox 416 1826 1409 1945; baseline 0.003 -34"><span class='ocrx_word' id='word_1_44' title='bbox 416 1826 534 1911; x_wconf 77' lang='lat' dir='ltr'>Tum</span> <span class='ocrx_word' id='word_1_45' title='bbox 553 1831 663 1913; x_wconf 88' lang='lat' dir='ltr'>color</span> <span class='ocrx_word' id='word_1_46' title='bbox 679 1859 785 1941; x_wconf 85' lang='lat' dir='ltr'>saepe</span> <span class='ocrx_word' id='word_1_47' title='bbox 803 1834 938 1915; x_wconf 90' lang='lat' dir='ltr'>luteus</span> <span class='ocrx_word' id='word_1_48' title='bbox 959 1844 1032 1930; x_wconf 86' lang='lat' dir='ltr'>est,</span> <span class='ocrx_word' id='word_1_49' title='bbox 1062 1844 1264 1945; x_wconf 85' lang='lat' dir='ltr'>tanquam.</span> <span class='ocrx_word' id='word_1_50' title='bbox 1284 1860 1409 1927; x_wconf 85' lang='lat' dir='ltr'>cerae;</span> 
     </span>
     <span class='ocr_line' id='line_1_9' title="bbox 417 1990 1413 2103; baseline 0 -30"><span class='ocrx_word' id='word_1_51' title='bbox 417 1991 517 2073; x_wconf 70' lang='lat' dir='ltr'>alias</span> <span class='ocrx_word' id='word_1_52' title='bbox 546 1991 677 2089; x_wconf 84' lang='lat' dir='ltr'>ruber,</span> <span class='ocrx_word' id='word_1_53' title='bbox 706 2003 779 2074; x_wconf 91' lang='lat' dir='ltr'>aut</span> <span class='ocrx_word' id='word_1_54' title='bbox 807 1990 965 2078; x_wconf 61' lang='lat' dir='ltr'>lividus</span> <span class='ocrx_word' id='word_1_55' title='bbox 1026 1990 1167 2101; x_wconf 84' lang='lat' dir='ltr'>Frigus</span> <span class='ocrx_word' id='word_1_56' title='bbox 1185 2002 1246 2073; x_wconf 91' lang='lat' dir='ltr'>est</span> <span class='ocrx_word' id='word_1_57' title='bbox 1266 2002 1413 2103; x_wconf 80' lang='lat' dir='ltr'>praeter</span> 
     </span>
     <span class='ocr_line' id='line_1_10' title="bbox 419 2148 1409 2249; baseline -0.002 -14"><span class='ocrx_word' id='word_1_58' title='bbox 419 2152 779 2249; x_wconf 68' lang='lat' dir='ltr'>consuetudinem:</span> <span class='ocrx_word' id='word_1_59' title='bbox 803 2179 887 2234; x_wconf 83' lang='lat' dir='ltr'>vox</span> <span class='ocrx_word' id='word_1_60' title='bbox 905 2151 1181 2243; x_wconf 87' lang='lat' dir='ltr'>etiamtenuis</span> <span class='ocrx_word' id='word_1_61' title='bbox 1198 2162 1240 2233; x_wconf 90' lang='lat' dir='ltr'>et</span> <span class='ocrx_word' id='word_1_62' title='bbox 1256 2148 1409 2233; x_wconf 88' lang='lat' dir='ltr'>flebilis.</span> 
     </span>
    </p>
   </div>
   <div class='ocr_carea' id='block_1_5' title="bbox 263 2308 1411 2421">
    <p class='ocr_par' dir='ltr' id='par_1_5' title="bbox 263 2308 1411 2421">
     <span class='ocr_line' id='line_1_11' title="bbox 263 2308 1411 2421; baseline 0.004 -33"><span class='ocrx_word' id='word_1_63' title='bbox 263 2375 269 2388; x_wconf 79' lang='grc'>.</span> <span class='ocrx_word' id='word_1_64' title='bbox 419 2308 565 2399; x_wconf 86' lang='lat' dir='ltr'>Plures</span> <span class='ocrx_word' id='word_1_65' title='bbox 577 2311 723 2395; x_wconf 88' lang='lat' dir='ltr'>eodem</span> <span class='ocrx_word' id='word_1_66' title='bbox 741 2322 928 2421; x_wconf 87' lang='lat' dir='ltr'>tempore</span> <span class='ocrx_word' id='word_1_67' title='bbox 946 2310 1091 2421; x_wconf 75' lang='lat' dir='ltr'>corripi</span> <span class='ocrx_word' id='word_1_68' title='bbox 1115 2311 1257 2407; x_wconf 83' lang='lat' dir='ltr'>solent,</span> <span class='ocrx_word' id='word_1_69' title='bbox 1281 2311 1411 2395; x_wconf 85' lang='lat' dir='ltr'>maxi-</span> 
     </span>
    </p>
   </div>
   <div class='ocr_carea' id='block_1_6' title="bbox 417 2466 1412 3219">
    <p class='ocr_par' dir='ltr' id='par_1_6' title="bbox 417 2466 1412 3219">
     <span class='ocr_line' id='line_1_12' title="bbox 418 2466 1412 2584; baseline -0.002 -29"><span class='ocrx_word' id='word_1_70' title='bbox 418 2500 490 2555; x_wconf 84' lang='lat' dir='ltr'>me</span> <span class='ocrx_word' id='word_1_71' title='bbox 517 2471 586 2584; x_wconf 86' lang='lat' dir='ltr'>qui</span> <span class='ocrx_word' id='word_1_72' title='bbox 617 2473 756 2554; x_wconf 88' lang='lat' dir='ltr'>alvum</span> <span class='ocrx_word' id='word_1_73' title='bbox 789 2468 1007 2555; x_wconf 81' lang='lat' dir='ltr'>habuerint</span> <span class='ocrx_word' id='word_1_74' title='bbox 1034 2466 1250 2553; x_wconf 84' lang='lat' dir='ltr'>infirmam.</span> <span class='ocrx_word' id='word_1_75' title='bbox 1310 2467 1412 2567; x_wconf 73' lang='lat' dir='ltr'>Qui-</span> 
     </span>
     <span class='ocr_line' id='line_1_13' title="bbox 417 2629 1412 2731; baseline 0 -18"><span class='ocrx_word' id='word_1_76' title='bbox 417 2630 589 2715; x_wconf 85' lang='lat' dir='ltr'>busdam</span> <span class='ocrx_word' id='word_1_77' title='bbox 627 2631 742 2713; x_wconf 89' lang='lat' dir='ltr'>nervi</span> <span class='ocrx_word' id='word_1_78' title='bbox 781 2630 824 2712; x_wconf 92' lang='lat' dir='ltr'>in</span> <span class='ocrx_word' id='word_1_79' title='bbox 860 2629 1025 2714; x_wconf 88' lang='lat' dir='ltr'>artubus</span> <span class='ocrx_word' id='word_1_80' title='bbox 1060 2630 1310 2731; x_wconf 49' lang='lat' dir='ltr'>tendunturs</span> <span class='ocrx_word' id='word_1_81' title='bbox 1340 2642 1412 2713; x_wconf 84' lang='lat' dir='ltr'>aut</span> 
     </span>
     <span class='ocr_line' id='line_1_14' title="bbox 417 2786 1410 2901; baseline -0.002 -28"><span class='ocrx_word' id='word_1_82' title='bbox 417 2791 575 2901; x_wconf 86' lang='lat' dir='ltr'>rigescit</span> <span class='ocrx_word' id='word_1_83' title='bbox 597 2790 767 2872; x_wconf 86' lang='lat' dir='ltr'>maxilla</span> <span class='ocrx_word' id='word_1_84' title='bbox 792 2790 859 2885; x_wconf 89' lang='lat' dir='ltr'>sic,</span> <span class='ocrx_word' id='word_1_85' title='bbox 891 2800 938 2870; x_wconf 94' lang='lat' dir='ltr'>ut</span> <span class='ocrx_word' id='word_1_86' title='bbox 966 2786 1067 2871; x_wconf 84' lang='lat' dir='ltr'>nihil</span> <span class='ocrx_word' id='word_1_87' title='bbox 1096 2789 1292 2871; x_wconf 81' lang='lat' dir='ltr'>devorare</span> <span class='ocrx_word' id='word_1_88' title='bbox 1322 2818 1410 2901; x_wconf 85' lang='lat' dir='ltr'>pos·</span> 
     </span>
     <span class='ocr_line' id='line_1_15' title="bbox 418 2945 1406 3046; baseline 0.001 -16"><span class='ocrx_word' id='word_1_89' title='bbox 418 2950 508 3031; x_wconf 91' lang='lat' dir='ltr'>sint.</span> <span class='ocrx_word' id='word_1_90' title='bbox 568 2947 709 3031; x_wconf 90' lang='lat' dir='ltr'>Prima</span> <span class='ocrx_word' id='word_1_91' title='bbox 731 2947 856 3030; x_wconf 86' lang='lat' dir='ltr'>natali</span> <span class='ocrx_word' id='word_1_92' title='bbox 882 2945 983 3029; x_wconf 88' lang='lat' dir='ltr'>hora</span> <span class='ocrx_word' id='word_1_93' title='bbox 1004 2948 1211 3031; x_wconf 88' lang='lat' dir='ltr'>interdum</span> <span class='ocrx_word' id='word_1_94' title='bbox 1229 2949 1406 3046; x_wconf 90' lang='lat' dir='ltr'>invadit;</span> 
     </span>
     <span class='ocr_line' id='line_1_16' title="bbox 417 3104 1410 3219; baseline 0.004 -30"><span class='ocrx_word' id='word_1_95' title='bbox 417 3119 460 3189; x_wconf 82' lang='lat' dir='ltr'>et</span> <span class='ocrx_word' id='word_1_96' title='bbox 482 3137 584 3219; x_wconf 86' lang='lat' dir='ltr'>quos</span> <span class='ocrx_word' id='word_1_97' title='bbox 606 3106 888 3217; x_wconf 78' lang='lat' dir='ltr'>occupaverit.</span> <span class='ocrx_word' id='word_1_98' title='bbox 909 3104 1050 3217; x_wconf 88' lang='lat' dir='ltr'>paucis</span> <span class='ocrx_word' id='word_1_99' title='bbox 1072 3105 1155 3191; x_wconf 83' lang='lat' dir='ltr'>fere</span> <span class='ocrx_word' id='word_1_100' title='bbox 1179 3107 1321 3191; x_wconf 88' lang='lat' dir='ltr'>diebus</span> <span class='ocrx_word' id='word_1_101' title='bbox 1344 3138 1410 3193; x_wconf 89' lang='lat' dir='ltr'>oc-</span> 
     </span>
    </p>
   </div>
   <div class='ocr_carea' id='block_1_7' title="bbox 415 3267 1544 3381">
    <p class='ocr_par' dir='ltr' id='par_1_7' title="bbox 415 3267 1544 3381">
     <span class='ocr_line' id='line_1_17' title="bbox 415 3267 1544 3381; baseline -0.001 -30"><span class='ocrx_word' id='word_1_102' title='bbox 415 3269 524 3355; x_wconf 86' lang='lat' dir='ltr'>cidit.</span> <span class='ocrx_word' id='word_1_103' title='bbox 585 3267 716 3351; x_wconf 91' lang='lat' dir='ltr'>lnciso</span> <span class='ocrx_word' id='word_1_104' title='bbox 744 3293 925 3377; x_wconf 87' lang='lat' dir='ltr'>corpore,</span> <span class='ocrx_word' id='word_1_105' title='bbox 957 3267 1097 3350; x_wconf 89' lang='lat' dir='ltr'>omnia</span> <span class='ocrx_word' id='word_1_106' title='bbox 1130 3269 1292 3381; x_wconf 85' lang='lat' dir='ltr'>turgida</span> <span class='ocrx_word' id='word_1_107' title='bbox 1323 3272 1409 3354; x_wconf 87' lang='lat' dir='ltr'>visa</span> <span class='ocrx_word' id='word_1_108' title='bbox 1539 3344 1544 3350; x_wconf 89' lang='lat'><em>.</em></span> 
     </span>
    </p>
   </div>
   <div class='ocr_carea' id='block_1_8' title="bbox 414 3427 1408 3546">
    <p class='ocr_par' dir='ltr' id='par_1_8' title="bbox 414 3427 1408 3546">
     <span class='ocr_line' id='line_1_18' title="bbox 414 3427 1408 3546; baseline 0 -34"><span class='ocrx_word' id='word_1_109' title='bbox 414 3443 522 3526; x_wconf 90' lang='lat' dir='ltr'>sunt,</span> <span class='ocrx_word' id='word_1_110' title='bbox 560 3443 603 3512; x_wconf 94' lang='lat' dir='ltr'>et</span> <span class='ocrx_word' id='word_1_111' title='bbox 638 3428 878 3512; x_wconf 85' lang='lat' dir='ltr'>membrana</span> <span class='ocrx_word' id='word_1_112' title='bbox 914 3427 1113 3510; x_wconf 88' lang='lat' dir='ltr'>cellularis</span> <span class='ocrx_word' id='word_1_113' title='bbox 1148 3430 1250 3512; x_wconf 89' lang='lat' dir='ltr'>duro</span> <span class='ocrx_word' id='word_1_114' title='bbox 1286 3430 1408 3546; x_wconf 87' lang='lat' dir='ltr'>adipe</span> 
     </span>
    </p>
   </div>
   <div class='ocr_carea' id='block_1_9' title="bbox 415 3591 574 3674">
    <p class='ocr_par' dir='ltr' id='par_1_9' title="bbox 415 3591 574 3674">
     <span class='ocr_line' id='line_1_19' title="bbox 415 3591 574 3674; baseline 0 0"><span class='ocrx_word' id='word_1_115' title='bbox 415 3591 574 3674; x_wconf 80' lang='lat' dir='ltr'>relenta.</span> 
     </span>
    </p>
   </div>
   <div class='ocr_carea' id='block_1_10' title="bbox 499 3750 1407 3865">
    <p class='ocr_par' dir='ltr' id='par_1_10' title="bbox 499 3686 1407 3865">
     <span class='ocr_line' id='line_1_20' title="bbox 499 3750 1407 3865; baseline -0.003 -27"><span class='ocrx_word' id='word_1_116' title='bbox 499 3754 606 3839; x_wconf 91' lang='lat' dir='ltr'>Usus</span> <span class='ocrx_word' id='word_1_117' title='bbox 627 3752 729 3836; x_wconf 89' lang='lat' dir='ltr'>nihil</span> <span class='ocrx_word' id='word_1_118' title='bbox 756 3751 838 3835; x_wconf 84' lang='lat' dir='ltr'>lere</span> <span class='ocrx_word' id='word_1_119' title='bbox 857 3780 930 3834; x_wconf 91' lang='lat' dir='ltr'>nos</span> <span class='ocrx_word' id='word_1_120' title='bbox 953 3752 1090 3835; x_wconf 91' lang='lat' dir='ltr'>docuit</span> <span class='ocrx_word' id='word_1_121' title='bbox 1107 3751 1159 3833; x_wconf 91' lang='lat' dir='ltr'>de</span> <span class='ocrx_word' id='word_1_122' title='bbox 1178 3750 1298 3865; x_wconf 90' lang='lat' dir='ltr'>hujus</span> <span class='ocrx_word' id='word_1_123' title='bbox 1321 3764 1407 3835; x_wconf 86' lang='lat' dir='ltr'>tam</span> 
     </span>
    </p>
   </div>
   <div class='ocr_carea' id='block_1_11' title="bbox 416 3889 1407 4340">
    <p class='ocr_par' dir='ltr' id='par_1_11' title="bbox 416 3889 1407 4340">
     <span class='ocr_line' id='line_1_21' title="bbox 417 3889 1407 4023; baseline -0.001 -28"><span class='ocrx_word' id='word_1_124' title='bbox 417 3913 552 3997; x_wconf 84' lang='lat' dir='ltr'>acerbi</span> <span class='ocrx_word' id='word_1_125' title='bbox 583 3889 750 3997; x_wconf 79' lang='lat' dir='ltr'>affectus</span> <span class='ocrx_word' id='word_1_126' title='bbox 785 3908 1005 3994; x_wconf 87' lang='lat' dir='ltr'>curatione.</span> <span class='ocrx_word' id='word_1_127' title='bbox 1069 3906 1239 3993; x_wconf 84' lang='lat' dir='ltr'>Tenturi</span> <span class='ocrx_word' id='word_1_128' title='bbox 1276 3923 1407 4023; x_wconf 86' lang='lat' dir='ltr'>potest</span> 
     </span>
     <span class='ocr_line' id='line_1_22' title="bbox 417 4067 1407 4185; baseline 0.002 -30"><span class='ocrx_word' id='word_1_129' title='bbox 417 4073 516 4183; x_wconf 88' lang='lat' dir='ltr'>quid</span> <span class='ocrx_word' id='word_1_130' title='bbox 535 4071 611 4154; x_wconf 88' lang='lat' dir='ltr'>loci</span> <span class='ocrx_word' id='word_1_131' title='bbox 625 4070 811 4165; x_wconf 76' lang='lat' dir='ltr'>mutatio,</span> <span class='ocrx_word' id='word_1_132' title='bbox 831 4069 932 4180; x_wconf 90' lang='lat' dir='ltr'>quid</span> <span class='ocrx_word' id='word_1_133' title='bbox 949 4067 1102 4153; x_wconf 84' lang='lat' dir='ltr'>liicutio</span> <span class='ocrx_word' id='word_1_134' title='bbox 1119 4069 1287 4169; x_wconf 86' lang='lat' dir='ltr'>assidua,</span> <span class='ocrx_word' id='word_1_135' title='bbox 1306 4073 1407 4185; x_wconf 91' lang='lat' dir='ltr'>quid</span> 
     </span>
     <span class='ocr_line' id='line_1_23' title="bbox 416 4228 1156 4340; baseline 0.001 -29"><span class='ocrx_word' id='word_1_136' title='bbox 416 4229 621 4328; x_wconf 88' lang='lat' dir='ltr'>balneum,</span> <span class='ocrx_word' id='word_1_137' title='bbox 642 4228 742 4340; x_wconf 92' lang='lat' dir='ltr'>quid</span> <span class='ocrx_word' id='word_1_138' title='bbox 759 4228 839 4314; x_wconf 84' lang='lat' dir='ltr'>alvi</span> <span class='ocrx_word' id='word_1_139' title='bbox 856 4228 993 4312; x_wconf 89' lang='lat' dir='ltr'>ductio</span> <span class='ocrx_word' id='word_1_140' title='bbox 1011 4230 1156 4313; x_wconf 87' lang='lat' dir='ltr'>valeat.</span> 
     </span>
    </p>
   </div>
   <div class='ocr_carea' id='block_1_12' title="bbox 0 0 1754 5309">
    <p class='ocr_par' dir='ltr' id='par_1_12' title="bbox 0 0 1754 5309">
     <span class='ocr_line' id='line_1_24' title="bbox 0 0 1754 5309; baseline 0 3"><span class='ocrx_word' id='word_1_141' title='bbox 0 0 1754 5309; x_wconf 95' lang='lat' dir='ltr'> </span> 
     </span>
    </p>
   </div>
  </div>
 </body>
</html>
