3500 5309
870 617 927 709 64

400 841 496 928 cum
515 848 685 930 omnino
703 873 758 928 ex
775 842 921 957 frigore
940 845 1131 941 oriantur,
1151 844 1205 927 ab
1225 872 1276 927 eo
1296 855 1395 926 ante

399 1006 540 1088 omnia
575 1004 741 1090 defendi
776 988 944 1093 debent.
1008 1003 1133 1088 Multi
1162 1030 1230 1086 eas
1262 1014 1395 1115 portes

399 1165 629 1278 perfricant
658 1168 812 1289 Spiritu
839 1163 1132 1278 Camphorato,
1154 1166 1238 1275 ‚vel
1280 1162 1395 1248 Lini·

398 1338 539 1411 mento
556 1327 752 1439 Saponis-z
782 1326 864 1424 arii,
890 1327 1038 1409 rectius
1068 1338 1182 1438 putu,
1204 1325 1394 1436 quaedam

396 1485 616 1597 imponunt
648 1488 776 1571 linteo
802 1489 872 1572 ver
908 1488 1016 1571 coro
1046 1487 1161 1574 renui
1195 1487 1309 1584 ruta,
1346 1498 1394 1568 ut
1496 1456 1502 1461 ’

399 1644 599 1733 Ceratum
645 1646 818 1761 Lapidis
864 1646 1165 1745 calaminum„
1194 1644 1395 1745 Ceratum

397 1808 685 1920 Saponis,'aut
714 1810 994 1924 Emplastrum
1028 1808 1290 1921 Lithargpd:
1334 1818 1395 1889 at

396 1997 480 2081 que
491 1968 553 2052 his
565 1970 626 2053 uti
638 1971 734 2053 licet
752 1970 879 2054 etiam
896 1982 1114 2082 postquam
1129 1968 1268 2063 ulcera
1285 1964 1393 2059 fucta
1518 2030 1520 2037 >

394 2141 502 2214 runt.
562 2129 776 2215 Interdum
804 2131 1098 2243 cataplasmato
1128 2128 1296 2241 injicere
1321 2154 1393 2219 ne-

395 2294 611 2377 cessarium
629 2307 700 2378 est.
760 2292 917 2379 Ulcere
933 2294 1023 2391 sint,
1051 2320 1196 2390 necne,
1222 2290 1392 2383 Electri·-v

393 2453 494 2540 citas
510 2454 656 2539 dicitur
672 2451 881 2566 profuisse.

755 3078 909 3143 CAPUT
929 3075 1015 3141 LIII.

735 3303 803 3380 'De
820 3298 1033 3427 Ροννὶςίηετ

475 3565 687 3663 Polemo,
716 3525 800 3650 sive
821 3566 946 3662 tinea,
968 3530 1111 3676 eapitis
1129 3561 1293 3646 morbus
1308 3576 1380 3663 est,

390 3725 537 3836 inquo
552 3727 659 3809 inter
681 3724 783 3836 pilos
805 3726 995 3837 quaedam
1009 3722 1134 3834 'quasi
1158 3726 1381 3835 squamulae

388 3895 559 3994 surgunt
581 3912 679 3967 cum
702 3883 858 3994 pruritu
877 3892 919 3967 et
936 3881 1177 3993 capillorum
1195 3880 1381 3973 defluxu

390 4040 523 4154 quue
540 4042 683 4125 evenit
702 4041 931 4125 modosine
949 4043 1097 4140 ulcere,
1120 4042 1245 4125 modo
1268 4042 1384 4137 exul·

388 4215 526 4287 cerato
557 4204 661 4286 loco.
719 4201 935 4287 Interdum
962 4231 1127 4317 quoque
1148 4202 1275 4285 'latius
1304 4230 1383 4285 ser-

388 4362 458 4473 pit,
497 4360 629 4447 donec
665 4373 792 4475 eaput
825 4360 1060 4453 universum
1100 4358 1233 4449 scabie
1271 4360 1382 4447 freda
