3500 5309
878 726 905 810 3

392 950 418 988 ‘⁴
432 938 661 1051 p'uddings”
679 968 886 1027 vocamus.
928 940 1091 1027 Octavo
1104 952 1243 1027 meuse
1257 942 1389 1027 cornis

390 1126 556 1211 quoque
575 1102 769 1212 exiguum
781 1069 880 1184 'cibo
898 1100 1172 1213 adjiciendum
1190 1110 1262 1191 est.

475 1256 678 1355 Quaed‘am
715 1288 837 1373 porro
871 1262 1009 1345 stricte
1043 1262 1147 1358 alvo,
1195 1260 1386 1375 quaedaru

390 1417 521 1501 soluta
539 1417 865 1541 megis'prosunt
924 1422 975 1506 In
994 1423 1127 1535 priore
1140 1449 1234 1506 casu
1248 1422 1387 1507 danda

391 1589 487 1661 sunt
516 1609 651 1664 serum
683 1582 810 1680 laetis,
844 1582 1060 1669 decoctum
1093 1611 1246 1681 evenae,
1280 1609 1383 1678 uvae,

393 1765 519 1850 poma
536 1751 665 1836 cocta,
694 1753 827 1853 atque*
837 1742 905 1829 alii
923 1740 1087 1840 fruetus,
1102 1755 1174 1827 out
1186 1755 1382 1840 recentes,

391 1910 463 1982 aut
480 1902 645 1985 conditi.
690 1899 859 2000 Contra,
887 1904 918 1986 si
939 1902 1114 2015 profluat
1131 1930 1287 2015 corpus,
1307 1901 1385 1985 uti·
1440 1884 1442 1891 ¹

391 2057 490 2141 liora
527 2072 622 2141 sunt
657 2061 721 2144 lac
760 2062 985 2159 vaccinum,
1019 2088 1153 2175 oryza,
1181 2071 1225 2143 et
1251 2058 1386 2173 potius

253 2207 257 2213 ⁵
392 2212 523 2299 farina
541 2246 665 2329 quam
685 2222 811 2331 panis·

477 2376 608 2462 Lacte
637 2393 825 2464 matemo
847 2380 1063 2464 commode
1086 2380 1262 2463 nutritur
1284 2406 1388 2490 puer

394 2524 598 2649 integrum
638 2569 806 2625 annum.
884 2541 1036 2623 Saltem
1076 2501 1229 2622 necui
1265 2539 1387 2628 matri

394 2711 517 2807 greve
541 2699 589 2780 sit
613 2725 688 2807 per
705 2710 881 2809 quatuor
902 2696 1284 2783 mensesinfuntem
1306 2698 1388 2781 lao-

319 2914 322 2917 ·
392 2869 492 2956 tare,
528 2859 601 2942 nisi
637 2871 708 2941 aut
727 2834 808 2941 'lac
843 2856 1019 2955 deficiat,
1057 2870 1129 2940 aut
1159 2857 1309 2941 macies
1343 2868 1389 2947 et

394 3016 472 3100 cibi
509 3016 713 3103 fastidium
754 3018 948 3114 orientur,
993 3028 1065 3099 aut
1105 3016 1211 3100 vires
1255 3015 1388 3102 minui

393 3177 605 3286 coeperint.
659 3175 830 3287 Aliquid
860 3187 1001 3258 tamen
1030 3200 1250 3285 puerorum
1278 3174 1388 3257 vale·

395 3337 558 3422 tudinis
589 3335 902 3422 concedendum
961 3297 1051 3432 est3
1114 3332 1386 3445 robustosque,

396 3526 523 3611 quam
546 3510 707 3581 teneros
735 3526 784 3580 ae
813 3496 1043 3593 imbecillos,
1073 3494 1168 3581 lieet
1193 3495 1389 3583 maturius

396 3686 620 3741 removere.

395 3820 402 3836 '
475 3819 604 3905 Potui
628 3820 1045 3932 aptissimasuntlac
1068 3844 1177 3931 aqua
1199 3818 1388 3917 mixtum,

397 3984 605 4095 veloque·
619 4008 742 4094 puro,
769 3982 838 4064 rel
862 3980 905 4062 in
923 4006 1006 4091 qua
1023 3977 1234 4074 hordeum,
1259 3978 1391 4061 aliave

398 4143 502 4229 lenis
517 4103 692 4248 materie
709 4143 879 4225 decocta
897 4151 967 4222 est.
1006 4110 1103 4222 Post
1115 4138 1236 4223 etiam
1250 4124 1393 4223 vinurn'

400 4314 584 4389 nostrum
600 4303 877 4387 hordeaceum
893 4288 1030 4381 tenue.

486 4460 776 4573 Omnespueri
794 4458 976 4543 habitare
994 4456 1179 4542 conclavi
1196 4448 1333 4543 luc'ido
1352 4467 1396 4541 et

862 4644 886 4699 e
906 4620 932 4699 9
