3500 5309
739 734 743 737 ,
887 652 937 740 1'2

413 874 531 971 ciam,
562 893 681 987 aquae
703 874 845 959 uncias
867 874 982 959 duas.
1042 864 1256 957 Interdum
1278 866 1412 955 reme-¹

412 1034 483 1116 dia
505 1036 733 1120 valentiora
760 1035 986 1120 necessaria
1004 1045 1119 1131 sunt,
1148 1043 1190 1115 et
1217 1029 1324 1114 bene
1352 1027 1413 1113 ses

411 1206 579 1278 runtur:
607 1195 710 1279 sicut
734 1192 862 1279 Infusi
885 1196 1034 1279 Sennae
1055 1192 1263 1279 dmchmae
1285 1191 1404 1296 duae5

410 1353 478 1436 vel
512 1351 665 1464 Jalapii
701 1354 745 1437 in
781 1354 996 1465 pulverem
1031 1353 1117 1437 triti
1153 1342 1281 1465 grana
1314 1350 1404 1433 tria.

412 1508 578 1595 Horum
604 1512 771 1624 aliquod
793 1512 1034 1625 interpositis
1060 1510 1197 1623 spatiis
1223 1510 1408 1593 dandum

412 1683 484 1768 est,
523 1673 655 1755 donee
686 1674 802 1756 alvus
829 1671 991 1785 copiose
1020 1669 1225 1783 dejecerit.
1288 1669 1407 1779 Saepe

411 1855 507 1912 eam
529 1803 683 1915 utiliter
704 1831 863 1915 ducunt
883 1858 1002 1943 aquae
1023 1827 1173 1940 tepidae
1190 1828 1296 1911 lacte
1315 1826 1407 1911 mis-

412 2000 476 2085 tae,
518 1991 586 2073 vel
618 1991 662 2073 in
691 2018 776 2103 qua
806 2011 940 2073 avena
968 1989 1139 2072 decocta
1170 1997 1242 2084 est,
1276 1987 1408 2071 unciae

411 2158 586 2271 quatuor
602 2178 658 2233 ex
674 2148 926 2235 inferioribus
943 2147 1122 2261 partibus
1140 2144 1292 2232 infusae.

789 2772 943 2838 CAPUT
964 2772 1030 2839 IX..

797 2996 861 3073 De
879 2994 1014 3073 Ictero.

492 3260 752 3345 Cossunrus
792 3276 1013 3374 pueromm
1049 3263 1219 3351 morbus
1252 3262 1405 3351 Ieterus

408 3435 490 3519 est;
521 3452 646 3534 quem
660 3424 815 3535 detegit
832 3425 943 3507 color
959 3425 1105 3508 luteus.
1154 3425 1403 3540 Plerumque

403 3579 528 3669 facile
561 3583 731 3667 'solvitur
766 3585 865 3666 dato
883 3678 884 3681 p
901 3582 1173 3682 Rhabarbari‘
1201 3599 1404 3699 quantum

408 3742 547 3826 alvum
566 3743 709 3831 leniter
726 3755 904 3841 moveat,
923 3744 1043 3829 tertio
1061 3746 1128 3829 vel
1148 3757 1292 3858 quarto
1306 3775 1404 3860 quo-

402 3902 583 4013 que‘die.
625 3900 839 3994 Interdum
856 3904 965 3987 utilis
981 3914 1043 3985 est
1056 3903 1256 4001 vomitus3
1287 3907 1403 4019 cujus

406 4072 530 4157 censa
546 4060 790 4147 adhibendae
807 4076 903 4146 sunt
914 4061 1015 4147 Vini
1029 4063 1259 4148 Antimonii
1278 4078 1403 4177 guttae

275 4195 285 4297 J
391 4222 656 4334 'quindecim
690 4222 758 4304 vel
791 4218 1089 4335 Ipeca'cuanhae
1108 4223 1157 4306 ,in
1188 4224 1402 4335 pulverem

403 4383 510 4468 -tritae
532 4410 661 4496 grana
682 4382 773 4469 tria.
833 4374 1028 4498 Denique
1059 4397 1226 4495 prosunt
1254 4384 1401 4474 florum
