3500 5309
788 618 791 622 ’
813 646 869 742 '51

281 933 285 941 ·
332 876 458 959 tione
476 871 564 961 'bon
579 874 895 990 ‘plntereundus
920 886 991 969 est'.
1021 886 1027 899 “
1050 882 1119 965 Ad
1149 882 1227 967 hoc'
1247 863 1339 968 san:
1379 892 1382 897 ’

333 1004 690 1151 tumtnoilu'bpus
712 1052 774 1123 est
797 1051 844 1122 ut
857 1060 977 1136 ‘acus
1005 1041 1072 1123 v'el
1101 1041 1338 1152 'scalpellum'

325 1193 444 1304 'plne
467 1196 665 1280 v'arioloso
688 1199 894 1282 imbutum
924 1199 1151 1283 alterutnus
1179 1199 1334 1283 brachii

311 1364 315 1369 ’
343 1357 532 1440 cuticulae
548 1386 677 1470 quam
695 1359 866 1470 paulum
879 1360 1131 1473 subjiciatur.
1175 1356 1337 1455 Quarto

342 1512 425 1598 fere
442 1518 554 1628 post
590 1520 656 1602 die
681 1520 912 1604 indurescit
929 1520 1245 1616 ‘vulnusculum
1293 1530 1337 1601 et

335 1676 525 1761 ¹celeriter⁴
538 1673 867 1790 f'emplificntur:
905 1644 1036 1766 ¹nono
1081 1682 1336 1794 subsequitur
1372 1646 1377 1661 l

332 1832 545 1933 febricula,
564 1850 700 1950 etque
719 1839 867 1922 eudem
880 1866 1050 1954 vespere
1068 1842 1111 1923 in
1129 1840 1334 1923 nonnullis

340 1994 526 2078 inembra
577 1998 873 2082 convelluntur.
952 1996 1144 2083 Proximo
1199 1999 1332 2081 triduo

317 2170 483 2235 'omnes
498 2154 851 2255 variolae'exeunt;
884 2157 1031 2239 deinde
1049 2159 1185 2241 triduo
1198 2168 1331 2241 matu·

338 2309 534 2409 renunt*
545 2327 597 2411 et,
630 2314 703 2397 ¹ubi
718 2392 721 2395 .
735 2280 873 2426 plures
899 2328 1005 2413 sunt,
1035 2315 1154 2399 febris
1182 2316 1329 2401 iterum

338 2476 600 2558 accenditur:
647 2474 760 2558 brevi
797 2488 939 2586 postea
976 2477 1244 2572 exsiceantur,
1283 2484 1331 2559 'et

337 2632 545 2715 decidunt.
620 2629 730 2715 Proh
748 2633 971 2747 scientiam
1010 2634 1249 2732 humanam,
1287 2648 1330 2720 et

313 2790 478 2873 ‘inanes
514 2801 684 2871 nostras
699 2790 989 2899 cogitationes!
1028 2807 1125 2901 'quae
1158 2793 1329 2875 tandem

335 2948 478 3035 morbo
495 2950 615 3033 vietae
631 2950 685 3031 ad
706 2948 969 3033 barbararum
993 2952 1179 3059 gentium
1207 2952 1327 3036 artifi-

335 3110 443 3195 cium
469 3108 722 3221 'confugiunt
782 3106 893 3219 Ergo
911 3138 1007 3193 eum
1024 3110 1145 3196 hodie
1164 3112 1280 3222 pueri
1298 3140 1325 3194 a
1353 3157 1355 3161 ⁴

336 3270 495 3353 variolis
511 3282 598 3363 tam
616 3268 760 3353 leviter
778 3279 989 3380 aegrotant,
1019 3269 1324 3353 medicamentis

336 3430 472 3512 multis
489 3427 670 3539 profecto
684 3456 768 3510 non
781 3402 1068 3538 egent‘neque
1087 3428 1218 3511 multa
1235 3456 1331 3509 mu·-

333 3601 421 3671 tare
459 3599 606 3698 praeter
641 3586 976 3705 cousuetudinem
1008 3585 1171 3670 debent.
1236 3582 1321 3669 Ne-

333 3731 433 3831 mini
455 3758 597 3829 tamen
621 3744 785 3828 nocebit
806 3744 939 3826 brevis
966 3744 1207 3829 abstinentia
1235 3774 1320 3830 ear·

332 3906 407 4002 nis,
436 3916 479 3987 et
503 3903 647 4028 leniter
675 3905 815 3988 alvum
839 3931 1017 4000 movere,
1046 3909 1268 4015 praesertim
1286 3910 1319 3991 si

333 4067 492 4178 plenius
510 4092 655 4176 corpus
671 4064 733 4162 sit,
763 4074 836 4145 aut
852 4050 991 4175 ulique
1009 4066 1132 4150 modo
1150 4065 1318 4157 salelau-
1353 4175 1356 4185 Ι

331 4239 435 4309 tum.
493 4224 607 4311 Tum
634 4234 823 4311 ventrem
849 4223 1006 4305 iterum
1024 4225 1176 4307 solvere
1202 4255 1318 4338 opor·

331 4384 434 4468 tebit
458 4395 674 4497 postquam
698 4410 726 4466 a
748 4358 851 4466 facie
881 4385 1053 4494 pustulae
1080 4383 1314 4470 exciderint.

791 4570 818 4624 n
837 4546 863 4624 2
