3500 5309
814 708 871 797 65

339 927 584 1010 contexerit.
660 926 846 1013 Affectus
883 941 943 1014 est
982 933 1245 1043 contagiosus,
1295 948 1338 1019 et

345 1082 535 1169 facillime
568 1101 711 1171 manat
741 1089 847 1171 inter
878 1114 1035 1200 pueros,
1068 1088 1139 1202 qui
1172 1092 1339 1201 pectini·

343 1243 429 1340 bus,
467 1258 540 1328 aut
577 1246 865 1358 pulvinaribus,
900 1250 973 1331 aut
1009 1247 1151 1359 capitis
1182 1248 1338 1361 integu-

345 1406 493 1488 mentis
511 1407 652 1491 iisdem
671 1396 853 1491 utuntur.

405 1568 409 1578 '
428 1564 604 1680 Prosunt
621 1566 893 1679 Unguentum
908 1568 1167 1680 Hydrargmi
1184 1567 1334 1667 nitrati,
1391 1672 1394 1676 λ

343 1722 618 1837 Unguentum
648 1723 781 1810 Calcis
811 1726 1071 1839 Hydrargyri
1092 1692 1213 1823 'albm
1237 1726 1337 1812 item

117 1867 118 1880 Ν
276 1993 280 2001 ¹
342 1910 453 1996 aqua
470 1887 512 1969 in
531 1914 615 1998 qua
633 1887 926 2000 Hydrargyrus
950 1887 1146 1971 muriatus
1173 1886 1349 1977 dissolu-q

340 2057 406 2128 tus
436 2060 506 2159 est,
526 2050 620 2132 .vel·
636 2049 680 2162 in
709 2075 792 2161 qua
824 2032 1069 2132 Hellebnrus
1100 2047 1226 2145 albus,
1261 2060 1335 2138 aut

343 2201 562 2288 Nicetiana
580 2208 750 2287 decocta
767 2220 838 2302 est,
869 2218 913 2287 et
929 2205 1012 2288 fere
1031 2207 1222 2318 quicquid
1240 2193 1353 2297 aere

342 2377 428 2449 est.
473 2364 579 2448 Haee
627 2366 886 2477 porriginem.
913 2366 1176 2481 incipientem
1212 2367 1334 2451 inter·

333 2524 442 2605 ''dum
482 2524 561 2607 cito
597 2525 856 2636 extinguunt.
919 2525 1072 2637 Saepius
1102 2526 1145 2610 in
1165 2500 1333 2613 menses

341 2682 454 2780 dum,
485 2693 558 2766 aut
582 2684 770 2795 amplius,
796 2695 1037 2792 permanet:
1066 2684 1212 2797 inquo
1235 2714 1332 2770 casu

342 2855 468 2955 caput
496 2815 726 2926 radendum
756 2855 826 2941 est,
856 2853 899 2924 et
931 2843 1191 2929 colluendum
1223 2872 1333 2959 aqua

342 3004 489 3115 inqua
500 3005 622 3116 Sapn,
653 3005 719 3087 vel
748 3003 815 3086 Sal
842 3000 1042 3086 alknlinus
1060 3004 1238 3117 liquatus
1259 3020 1330 3104 est,

342 3162 492 3277 deinde
505 3240 513 3247 ,.
529 3127 666 3275 eliquo
697 3190 751 3245 ex
782 3162 826 3244 iis
858 3190 948 3273 quae
979 3188 1099 3272 supra
1126 3166 1332 3275 proposita

341 3334 435 3406 sunt
453 3324 748 3433 inungendum,
769 3334 840 3405 aut
849 3321 1074 3433 Unguento
1087 3290 1211 3408 Picis:
1242 3322 1331 3407 haee

341 3481 601 3564 admovenda
623 3492 727 3576 sunt,
758 3482 889 3565 donec
917 3508 1058 3564 omnes
1085 3478 1216 3564 morbi
1240 3482 1330 3569 reli·

342 3639 447 3750 quiae
466 3664 641 3721 excussae
660 3634 820 3734 fuerint,
841 3649 884 3721 et
901 3635 1089 3750 frequens
1113 3638 1219 3750 pilus
1240 3638 1350 3734 subf-
1486 3707 1487 3711 κ

342 3810 540 3882 nascatur.
617 3792 771 3883 Parum
789 3798 948 3883 'auxilii
963 3795 967 3804 '‘
984 3809 1045 3880 est
1074 3798 1123 3881 in
1152 3798 1329 3885 medica·
1384 3852 1387 3860 ·

342 3954 741 4043 mentisintusdatis.
