3500 5309
827 679 881 761 22

360 906 525 1018 prodest
548 901 679 989 victus
707 900 1055 988 eonsuetudinem,
1073 890 1257 991 mutare3
1287 894 1354 975 vel

360 1066 665 1150 medicamento
697 1063 840 1147 leniter
871 1054 1012 1144 alvum
1039 1058 1218 1153 solvere3
1255 1055 1355 1137 item

342 1278 345 1282 ψ
361 1252 541 1321 vomere,
561 1235 605 1307 et
627 1223 775 1306 deinde
793 1221 929 1305 bibere
953 1244 1105 1331 equam
1125 1244 1215 1328 quae
1234 1210 1356 1297 Men·

361 1384 443 1469 thae
461 1384 597 1467 sativae
616 1378 865 1495 superinfusa
882 1390 954 1473 est,
980 1387 1052 1458 aut
1074 1372 1283 1485 potionem
1302 1400 1357 1453 ex

364 1541 459 1626 Kali
485 1555 530 1627 et
560 1540 681 1627 succo
711 1540 908 1636 Limonis,
949 1537 1016 1621 eui
1050 1511 1157 1617 lieet¹
1181 1532 1357 1644 adjicere

364 1705 525 1813 guttam
545 1730 683 1799 unam,
708 1714 782 1786 aut
805 1701 982 1795 minue,
1008 1695 1217 1779 Tincturae
1242 1691 1353 1804 Opii.

364 1860 482 1945 Alios
504 1847 815 1973 juvant'Testae
837 1858 1079 1942 Ostreorum
1109 1848 1356 1965 praeperatae,

366 2031 439 2101 aut
461 2048 570 2130 aqua
593 2021 637 2104 in
664 2045 748 2130 qua
773 2015 989 2099 Cinchona
1016 2014 1185 2097 decocta
1214 2023 1275 2093 est
1302 2008 1360 2093 bis

367 2180 435 2262 die
475 2189 632 2262 sumta:
681 2191 724 2259 et
758 2179 883 2261 modo
919 2176 1018 2257 utile
1055 2184 1115 2255 est
1150 2171 1358 2266 balneum,

367 2335 492 2453 mode
544 2332 840 2432 Linimentum,
899 2292 1049 2417 modos
1082 2332 1360 2443 Emplastmm

370 2461 639 2589 Cantharidis,
673 2504 745 2575 aut
779 2492 900 2590 aliud,
924 2519 1055 2603 vsuper
1090 2488 1357 2575 ventriculum

369 2650 617 2763 impositum.
711 2680 716 2689 ·

452 2809 747 2922 Pervulgatum
770 2823 830 2894 est
852 2811 963 2909 illud,
989 2812 1204 2896 Vomitum
1235 2810 1362 2895 infan-

370 2982 461 3053 tum
477 2999 561 3054 esse
576 2970 727 3055 roboris
739 2970 958 3070 indicium
989 2973 1101 3084 quod
1119 2972 1214 3053 inde
1228 2984 1363 3055 ortum

371 3154 456 3210 esse
475 3139 589 3240 pute,
607 3130 704 3241 quia
719 3129 949 3212 stomachus
966 3156 1087 3214 sanus
1102 3127 1239 3212 fortius
1256 3132 1364 3213 exci-

372 3299 492 3386 tatur,
527 3300 571 3369 et
589 3276 794 3400 'quicquid
825 3313 1123 3398 supervacuum
1152 3300 1195 3373 et
1223 3290 1364 3372 inutile

271 3516 275 3521 .
374 3430 583 3557 receperit,
608 3473 766 3528 sursum
788 3456 860 3526 aut
878 3445 1066 3528 deorsum
1085 3444 1240 3529 reddit:
1270 3475 1365 3531 con·

373 3618 447 3703 tra,
481 3605 553 3716 qui
584 3603 736 3691 debiles
764 3615 870 3699 sunt,
906 3603 993 3715 ipso
1026 3601 1188 3687 defectu
1218 3606 1367 3691 virium·

373 3766 553 3850 retinent
586 3766 698 3878 quod
732 3766 935 3877 ingestum
967 3776 1038 3863 est,
1077 3779 1120 3847 et
1156 3778 1363 3877 aegrotant,

375 3950 473 4016 eum
492 3952 535 4007 se
555 3923 748 4034 expedire
769 3936 813 4008 et
829 3923 1001 4007 liberare
1020 3952 1103 4009 non
1120 3926 1298 4010 valeant.

465 4247 487 4290 *
508 4242 584 4318 Qire
612 4244 761 4310 minimus
786 4243 902 4309 modus
932 4246 1098 4313 Tincturae
1125 4248 1219 4333 Opii,
1248 4247 1369 4315 aliusve

377 4352 532 4437 humoris,
553 4352 751 4434 adhibeatur,
777 4353 963 4419 instillandae
983 4368 1056 4421 sunt
1078 4369 1177 4443 gutte
1199 4379 1311 4444 peucae
1334 4360 1369 4425 in

378 4483 508 4552 aquam,
529 4475 600 4531 tum
611 4460 707 4551 hujus
720 4462 910 4532 sumendum
923 4476 1079 4552 quantum
1092 4487 1174 4553 opus
1187 4479 1244 4534 est.
