<?xml version="1.0" encoding="UTF-8"?>
<!DOCTYPE html PUBLIC "-//W3C//DTD XHTML 1.0 Transitional//EN"
    "http://www.w3.org/TR/xhtml1/DTD/xhtml1-transitional.dtd">
<html xmlns="http://www.w3.org/1999/xhtml" xml:lang="en" lang="en">
 <head>
  <title>
</title>
<meta http-equiv="Content-Type" content="text/html;charset=utf-8" />
  <meta name='ocr-system' content='tesseract 3.04.00' />
  <meta name='ocr-capabilities' content='ocr_page ocr_carea ocr_par ocr_line ocrx_word'/>
</head>
<body>
  <div class='ocr_page' id='page_1' title='image "./morborumpuerili00hebegoog_0040.png"; bbox 0 0 3500 5309; ppageno 0'>
   <div class='ocr_carea' id='block_1_1' title="bbox 813 692 935 782">
    <p class='ocr_par' dir='ltr' id='par_1_1' title="bbox 813 692 935 782">
     <span class='ocr_line' id='line_1_1' title="bbox 813 692 935 782; baseline 0.008 -1"><span class='ocrx_word' id='word_1_1' title='bbox 813 692 935 782; x_wconf 88' lang='lat' dir='ltr'><strong>·l8</strong></span> 
     </span>
    </p>
   </div>
   <div class='ocr_carea' id='block_1_2' title="bbox 404 913 1409 2629">
    <p class='ocr_par' dir='ltr' id='par_1_2' title="bbox 404 913 1409 2629">
     <span class='ocr_line' id='line_1_2' title="bbox 411 913 1409 1027; baseline 0.006 -28"><span class='ocrx_word' id='word_1_2' title='bbox 411 918 666 1025; x_wconf 78' lang='lat' dir='ltr'><strong>extinguant</strong></span> <span class='ocrx_word' id='word_1_3' title='bbox 743 916 837 1003; x_wconf 87' lang='lat' dir='ltr'><strong>Nec</strong></span> <span class='ocrx_word' id='word_1_4' title='bbox 878 932 1020 1005; x_wconf 87' lang='lat' dir='ltr'><strong>tamen</strong></span> <span class='ocrx_word' id='word_1_5' title='bbox 1056 919 1145 1005; x_wconf 75' lang='lat' dir='ltr'><strong>haec</strong></span> <span class='ocrx_word' id='word_1_6' title='bbox 1180 920 1240 1001; x_wconf 86' lang='lat' dir='ltr'><strong>ita</strong></span> <span class='ocrx_word' id='word_1_7' title='bbox 1274 913 1409 1027; x_wconf 78' lang='lat' dir='ltr'><strong>accipi</strong></span> 
     </span>
     <span class='ocr_line' id='line_1_3' title="bbox 410 1075 1406 1191; baseline 0.001 -33"><span class='ocrx_word' id='word_1_8' title='bbox 410 1075 548 1172; x_wconf 82' lang='lat' dir='ltr'><strong>velim,</strong></span> <span class='ocrx_word' id='word_1_9' title='bbox 567 1088 766 1189; x_wconf 82' lang='lat' dir='ltr'><strong>tanquam</strong></span> <span class='ocrx_word' id='word_1_10' title='bbox 782 1078 855 1191; x_wconf 89' lang='lat' dir='ltr'><strong>qui</strong></span> <span class='ocrx_word' id='word_1_11' title='bbox 873 1076 1128 1163; x_wconf 82' lang='lat' dir='ltr'><strong>inflationem</strong></span> <span class='ocrx_word' id='word_1_12' title='bbox 1145 1076 1303 1159; x_wconf 84' lang='lat' dir='ltr'><strong>nullam</strong></span> <span class='ocrx_word' id='word_1_13' title='bbox 1320 1104 1406 1159; x_wconf 86' lang='lat' dir='ltr'><strong>om·</strong></span> 
     </span>
     <span class='ocr_line' id='line_1_4' title="bbox 409 1236 1403 1350; baseline 0 -31"><span class='ocrx_word' id='word_1_14' title='bbox 409 1236 509 1321; x_wconf 90' lang='lat' dir='ltr'><strong>nino</strong></span> <span class='ocrx_word' id='word_1_15' title='bbox 526 1239 664 1350; x_wconf 81' lang='lat' dir='ltr'><strong>pueris</strong></span> <span class='ocrx_word' id='word_1_16' title='bbox 681 1240 911 1324; x_wconf 86' lang='lat' dir='ltr'><strong>molestiam</strong></span> <span class='ocrx_word' id='word_1_17' title='bbox 934 1238 1129 1323; x_wconf 82' lang='lat' dir='ltr'><strong>exhibere</strong></span> <span class='ocrx_word' id='word_1_18' title='bbox 1151 1236 1403 1333; x_wconf 81' lang='lat' dir='ltr'><strong>crediderim,</strong></span> 
     </span>
     <span class='ocr_line' id='line_1_5' title="bbox 408 1394 1402 1507; baseline -0.001 -30"><span class='ocrx_word' id='word_1_19' title='bbox 408 1406 492 1491; x_wconf 84' lang='lat' dir='ltr'><strong>aut,</strong></span> <span class='ocrx_word' id='word_1_20' title='bbox 517 1396 550 1480; x_wconf 85' lang='lat' dir='ltr'><strong>si</strong></span> <span class='ocrx_word' id='word_1_21' title='bbox 575 1396 816 1494; x_wconf 84' lang='lat' dir='ltr'><strong>exhibuerit,</strong></span> <span class='ocrx_word' id='word_1_22' title='bbox 842 1398 956 1481; x_wconf 82' lang='lat' dir='ltr'>nulla</span> <span class='ocrx_word' id='word_1_23' title='bbox 983 1396 1167 1481; x_wconf 83' lang='lat' dir='ltr'><strong>remedia</strong></span> <span class='ocrx_word' id='word_1_24' title='bbox 1189 1394 1402 1507; x_wconf 78' lang='lat' dir='ltr'><strong>postulare.</strong></span> 
     </span>
     <span class='ocr_line' id='line_1_6' title="bbox 408 1552 1405 1671; baseline 0.002 -35"><span class='ocrx_word' id='word_1_25' title='bbox 408 1552 461 1636; x_wconf 90' lang='lat' dir='ltr'><strong>In</strong></span> <span class='ocrx_word' id='word_1_26' title='bbox 478 1557 613 1639; x_wconf 90' lang='lat' dir='ltr'><strong>multis</strong></span> <span class='ocrx_word' id='word_1_27' title='bbox 630 1585 682 1640; x_wconf 81' lang='lat' dir='ltr'><strong>ea</strong></span> <span class='ocrx_word' id='word_1_28' title='bbox 698 1556 788 1644; x_wconf 88' lang='lat' dir='ltr'><strong>fieri</strong></span> <span class='ocrx_word' id='word_1_29' title='bbox 806 1570 1014 1671; x_wconf 85' lang='lat' dir='ltr'><strong>potestex</strong></span> <span class='ocrx_word' id='word_1_30' title='bbox 1031 1558 1142 1643; x_wconf 81' lang='lat' dir='ltr'><strong>mala</strong></span> <span class='ocrx_word' id='word_1_31' title='bbox 1155 1557 1286 1641; x_wconf 85' lang='lat' dir='ltr'><strong>victus</strong></span> <span class='ocrx_word' id='word_1_32' title='bbox 1309 1582 1405 1639; x_wconf 92' lang='lat' dir='ltr'><strong>con·</strong></span> 
     </span>
     <span class='ocr_line' id='line_1_7' title="bbox 406 1713 1402 1814; baseline 0.005 -22"><span class='ocrx_word' id='word_1_33' title='bbox 406 1713 644 1814; x_wconf 81' lang='lat' dir='ltr'><strong>suetudine;</strong></span> <span class='ocrx_word' id='word_1_34' title='bbox 674 1716 881 1801; x_wconf 83' lang='lat' dir='ltr'><strong>interdum</strong></span> <span class='ocrx_word' id='word_1_35' title='bbox 913 1746 969 1801; x_wconf 84' lang='lat' dir='ltr'><strong>ex</strong></span> <span class='ocrx_word' id='word_1_36' title='bbox 999 1717 1088 1801; x_wconf 83' lang='lat' dir='ltr'><strong>aliis</strong></span> <span class='ocrx_word' id='word_1_37' title='bbox 1116 1717 1269 1801; x_wconf 82' lang='lat' dir='ltr'><strong>oausis:</strong></span> <span class='ocrx_word' id='word_1_38' title='bbox 1303 1742 1402 1797; x_wconf 83' lang='lat' dir='ltr'><strong>nam</strong></span> 
     </span>
     <span class='ocr_line' id='line_1_8' title="bbox 404 1871 1402 1985; baseline 0.002 -32"><span class='ocrx_word' id='word_1_39' title='bbox 404 1872 620 1956; x_wconf 76' lang='lat' dir='ltr'><strong>concoctio</strong></span> <span class='ocrx_word' id='word_1_40' title='bbox 655 1902 876 1985; x_wconf 88' lang='lat' dir='ltr'><strong>puerorum</strong></span> <span class='ocrx_word' id='word_1_41' title='bbox 912 1874 1052 1960; x_wconf 85' lang='lat' dir='ltr'><strong>debilis</strong></span> <span class='ocrx_word' id='word_1_42' title='bbox 1088 1887 1162 1972; x_wconf 75' lang='lat' dir='ltr'><strong>est,</strong></span> <span class='ocrx_word' id='word_1_43' title='bbox 1207 1892 1250 1957; x_wconf 89' lang='lat' dir='ltr'><strong>et</strong></span> <span class='ocrx_word' id='word_1_44' title='bbox 1284 1871 1402 1957; x_wconf 83' lang='lat' dir='ltr'><strong>focile</strong></span> 
     </span>
     <span class='ocr_line' id='line_1_9' title="bbox 405 2033 1399 2149; baseline 0.003 -36"><span class='ocrx_word' id='word_1_45' title='bbox 405 2033 614 2117; x_wconf 85' lang='lat' dir='ltr'><strong>evertitur.</strong></span> <span class='ocrx_word' id='word_1_46' title='bbox 662 2033 775 2120; x_wconf 79' lang='lat' dir='ltr'><strong>Ante</strong></span> <span class='ocrx_word' id='word_1_47' title='bbox 793 2037 935 2121; x_wconf 88' lang='lat' dir='ltr'><strong>omnia</strong></span> <span class='ocrx_word' id='word_1_48' title='bbox 951 2037 1070 2149; x_wconf 87' lang='lat' dir='ltr'><strong>igitur</strong></span> <span class='ocrx_word' id='word_1_49' title='bbox 1085 2035 1310 2119; x_wconf 88' lang='lat' dir='ltr'><strong>videndum</strong></span> <span class='ocrx_word' id='word_1_50' title='bbox 1328 2045 1399 2130; x_wconf 84' lang='lat' dir='ltr'><strong>est,</strong></span> 
     </span>
     <span class='ocr_line' id='line_1_10' title="bbox 404 2192 1400 2308; baseline 0 -33"><span class='ocrx_word' id='word_1_51' title='bbox 404 2218 459 2275; x_wconf 90' lang='lat' dir='ltr'><strong>ne</strong></span> <span class='ocrx_word' id='word_1_52' title='bbox 478 2193 570 2304; x_wconf 84' lang='lat' dir='ltr'>plus</span> <span class='ocrx_word' id='word_1_53' title='bbox 584 2208 763 2279; x_wconf 75' lang='lat' dir='ltr'><strong>assumat</strong></span> <span class='ocrx_word' id='word_1_54' title='bbox 775 2226 894 2307; x_wconf 81' lang='lat' dir='ltr'><strong>aeger,</strong></span> <span class='ocrx_word' id='word_1_55' title='bbox 909 2224 1035 2308; x_wconf 82' lang='lat' dir='ltr'><strong>quam</strong></span> <span class='ocrx_word' id='word_1_56' title='bbox 1050 2206 1299 2307; x_wconf 79' lang='lat' dir='ltr'><strong>concoquat;</strong></span> <span class='ocrx_word' id='word_1_57' title='bbox 1330 2192 1400 2275; x_wconf 86' lang='lat' dir='ltr'><strong>sed</strong></span> 
     </span>
     <span class='ocr_line' id='line_1_11' title="bbox 405 2351 1398 2470; baseline 0 -37"><span class='ocrx_word' id='word_1_58' title='bbox 405 2351 538 2462; x_wconf 87' lang='lat' dir='ltr'><strong>potius</strong></span> <span class='ocrx_word' id='word_1_59' title='bbox 561 2352 756 2465; x_wconf 85' lang='lat' dir='ltr'><strong>exiguum</strong></span> <span class='ocrx_word' id='word_1_60' title='bbox 776 2352 914 2437; x_wconf 91' lang='lat' dir='ltr'><strong>cibum</strong></span> <span class='ocrx_word' id='word_1_61' title='bbox 938 2354 1079 2465; x_wconf 80' lang='lat' dir='ltr'><strong>saepius</strong></span> <span class='ocrx_word' id='word_1_62' title='bbox 1102 2355 1146 2436; x_wconf 92' lang='lat' dir='ltr'><strong>in</strong></span> <span class='ocrx_word' id='word_1_63' title='bbox 1170 2353 1247 2449; x_wconf 88' lang='lat' dir='ltr'><strong>die,</strong></span> <span class='ocrx_word' id='word_1_64' title='bbox 1272 2379 1398 2470; x_wconf 84' lang='lat' dir='ltr'><strong>quam</strong></span> 
     </span>
     <span class='ocr_line' id='line_1_12' title="bbox 404 2514 1397 2629; baseline 0 -32"><span class='ocrx_word' id='word_1_65' title='bbox 404 2542 489 2598; x_wconf 89' lang='lat' dir='ltr'><strong>uno</strong></span> <span class='ocrx_word' id='word_1_66' title='bbox 507 2527 693 2629; x_wconf 85' lang='lat' dir='ltr'><strong>tempore</strong></span> <span class='ocrx_word' id='word_1_67' title='bbox 711 2517 950 2629; x_wconf 86' lang='lat' dir='ltr'><strong>pleniorem.</strong></span> <span class='ocrx_word' id='word_1_68' title='bbox 1003 2514 1117 2599; x_wconf 84' lang='lat' dir='ltr'><strong>Tum</strong></span> <span class='ocrx_word' id='word_1_69' title='bbox 1135 2542 1299 2627; x_wconf 83' lang='lat' dir='ltr'><strong>quoque</strong></span> <span class='ocrx_word' id='word_1_70' title='bbox 1316 2514 1397 2597; x_wconf 91' lang='lat' dir='ltr'><strong>cibi</strong></span> 
     </span>
    </p>
   </div>
   <div class='ocr_carea' id='block_1_3' title="bbox 403 2673 1398 2788">
    <p class='ocr_par' dir='ltr' id='par_1_3' title="bbox 403 2673 1398 2788">
     <span class='ocr_line' id='line_1_13' title="bbox 403 2673 1398 2788; baseline 0 -31"><span class='ocrx_word' id='word_1_71' title='bbox 403 2702 532 2785; x_wconf 83' lang='lat' dir='ltr'><strong>genus</strong></span> <span class='ocrx_word' id='word_1_72' title='bbox 548 2674 667 2760; x_wconf 80' lang='lat' dir='ltr'><strong>facile</strong></span> <span class='ocrx_word' id='word_1_73' title='bbox 684 2704 770 2759; x_wconf 83' lang='lat' dir='ltr'><strong>esse</strong></span> <span class='ocrx_word' id='word_1_74' title='bbox 788 2688 962 2788; x_wconf 85' lang='lat' dir='ltr'><strong>oportet,</strong></span> <span class='ocrx_word' id='word_1_75' title='bbox 982 2687 1055 2759; x_wconf 83' lang='lat' dir='ltr'><strong>out</strong></span> <span class='ocrx_word' id='word_1_76' title='bbox 1077 2675 1267 2788; x_wconf 79' lang='lat' dir='ltr'><strong>quaedam</strong></span> <span class='ocrx_word' id='word_1_77' title='bbox 1286 2673 1329 2756; x_wconf 92' lang='lat' dir='ltr'><strong>in</strong></span> <span class='ocrx_word' id='word_1_78' title='bbox 1347 2702 1398 2757; x_wconf 89' lang='lat' dir='ltr'><strong>eo</strong></span> 
     </span>
    </p>
   </div>
   <div class='ocr_carea' id='block_1_4' title="bbox 389 2834 1397 3430">
    <p class='ocr_par' dir='ltr' id='par_1_4' title="bbox 389 2834 1397 3430">
     <span class='ocr_line' id='line_1_14' title="bbox 403 2834 1397 2949; baseline -0.002 -32"><span class='ocrx_word' id='word_1_79' title='bbox 403 2836 563 2919; x_wconf 78' lang='lat' dir='ltr'><strong>mutari.</strong></span> <span class='ocrx_word' id='word_1_80' title='bbox 622 2834 776 2923; x_wconf 83' lang='lat' dir='ltr'><strong>Praeter</strong></span> <span class='ocrx_word' id='word_1_81' title='bbox 792 2835 891 2932; x_wconf 85' lang='lat' dir='ltr'><strong>haee,</strong></span> <span class='ocrx_word' id='word_1_82' title='bbox 915 2860 1022 2949; x_wconf 86' lang='lat' dir='ltr'><strong>saepe</strong></span> <span class='ocrx_word' id='word_1_83' title='bbox 1040 2835 1293 2919; x_wconf 87' lang='lat' dir='ltr'><strong>conveniunt</strong></span> <span class='ocrx_word' id='word_1_84' title='bbox 1310 2834 1397 2944; x_wconf 91' lang='lat' dir='ltr'>pul-</span> 
     </span>
     <span class='ocr_line' id='line_1_15' title="bbox 389 2996 1397 3110; baseline 0.002 -35"><span class='ocrx_word' id='word_1_85' title='bbox 389 2996 514 3078; x_wconf 81' lang='lat' dir='ltr'><strong>·veris</strong></span> <span class='ocrx_word' id='word_1_86' title='bbox 526 2998 696 3110; x_wconf 83' lang='lat' dir='ltr'><strong>alicujus</strong></span> <span class='ocrx_word' id='word_1_87' title='bbox 710 2999 841 3082; x_wconf 81' lang='lat' dir='ltr'><strong>amari</strong></span> <span class='ocrx_word' id='word_1_88' title='bbox 858 3010 903 3081; x_wconf 85' lang='lat' dir='ltr'><strong>et</strong></span> <span class='ocrx_word' id='word_1_89' title='bbox 920 2997 1130 3083; x_wconf 83' lang='lat' dir='ltr'><strong>aromatici</strong></span> <span class='ocrx_word' id='word_1_90' title='bbox 1152 3022 1283 3107; x_wconf 81' lang='lat' dir='ltr'><strong>grana</strong></span> <span class='ocrx_word' id='word_1_91' title='bbox 1297 3022 1397 3107; x_wconf 87' lang='lat' dir='ltr'>pau-</span> 
     </span>
     <span class='ocr_line' id='line_1_16' title="bbox 403 3155 1396 3269; baseline 0.004 -36"><span class='ocrx_word' id='word_1_92' title='bbox 403 3178 457 3233; x_wconf 82' lang='lat' dir='ltr'><strong>co</strong></span> <span class='ocrx_word' id='word_1_93' title='bbox 476 3155 610 3238; x_wconf 35' lang='lat' dir='ltr'><strong>semel,</strong></span> <span class='ocrx_word' id='word_1_94' title='bbox 626 3169 703 3237; x_wconf 85' lang='lat' dir='ltr'><strong>aut</strong></span> <span class='ocrx_word' id='word_1_95' title='bbox 717 3156 781 3239; x_wconf 84' lang='lat' dir='ltr'><strong>bis</strong></span> <span class='ocrx_word' id='word_1_96' title='bbox 796 3155 979 3269; x_wconf 85' lang='lat' dir='ltr'><strong>quotidie</strong></span> <span class='ocrx_word' id='word_1_97' title='bbox 1003 3168 1179 3269; x_wconf 85' lang='lat' dir='ltr'><strong>sumpta,</strong></span> <span class='ocrx_word' id='word_1_98' title='bbox 1209 3168 1254 3241; x_wconf 86' lang='lat' dir='ltr'><strong>et</strong></span> <span class='ocrx_word' id='word_1_99' title='bbox 1275 3156 1396 3244; x_wconf 85' lang='lat' dir='ltr'><strong>simul</strong></span> 
     </span>
     <span class='ocr_line' id='line_1_17' title="bbox 405 3308 1299 3430; baseline 0.009 -33"><span class='ocrx_word' id='word_1_100' title='bbox 405 3308 659 3408; x_wconf 75' lang='lat' dir='ltr'><strong>Rhaborbcri</strong></span> <span class='ocrx_word' id='word_1_101' title='bbox 676 3332 880 3430; x_wconf 83' lang='lat' dir='ltr'><strong>quantum</strong></span> <span class='ocrx_word' id='word_1_102' title='bbox 896 3332 1085 3406; x_wconf 60' lang='lat' dir='ltr'><strong>ventrem</strong></span> <span class='ocrx_word' id='word_1_103' title='bbox 1103 3318 1299 3405; x_wconf 78' lang='lat' dir='ltr'><strong>emolliat</strong></span> 
     </span>
    </p>
   </div>
   <div class='ocr_carea' id='block_1_5' title="bbox 0 0 1754 5309">
    <p class='ocr_par' dir='ltr' id='par_1_5' title="bbox 0 0 1754 5309">
     <span class='ocr_line' id='line_1_18' title="bbox 0 0 1754 5309; baseline 0 5"><span class='ocrx_word' id='word_1_104' title='bbox 0 0 1754 5309; x_wconf 95' lang='lat' dir='ltr'><strong> </strong></span> 
     </span>
    </p>
   </div>
  </div>
 </body>
</html>
