3500 5309
817 641 874 728 49
972 761 976 778 Ι

591 1136 600 1144 ἢ
705 1043 861 1127 cneus
881 1048 968 1113 xm

642 1229 757 1347 'ne
781 1269 984 1351 Mormzu.
1128 1303 1133 1310 ·
1246 1240 1247 1245 ‘

427 1505 767 1593 Monnmnonuu
787 1511 875 1597 haec
893 1514 1008 1624 signa
1024 1521 1129 1594 sunt.
1184 1507 1331 1606 Febris,

342 1668 456 1751 tussis
473 1669 594 1767 sicca,
625 1669 893 1784 lachrymatio
911 1683 954 1758 et
972 1669 1224 1755 imbecillius
1240 1696 1335 1751 oeu-

343 1827 487 1926 lomm,
518 1830 809 1941 palpebrarum
830 1845 979 1929 tumor,
999 1841 1332 1915 sternutamenta.

343 1986 423 2073 His
440 1986 656 2089 accedunt,
677 2005 824 2105 quarto
840 1991 926 2077 fere
945 1993 1024 2089 die,
1054 1992 1223 2075 maculae
1241 2018 1334 2101 per·

341 2179 402 2237 vae
430 2154 571 2252 rubrae,
602 2123 735 2267 primu
752 2157 795 2239 in
812 2155 928 2253 facie,
959 2155 1144 2267 postridie
1173 2153 1215 2236 in
1244 2151 1333 2234 bra·
1373 2264 1381 2275 s

343 2311 441 2395 chiis
458 2324 502 2395 et
519 2314 676 2427 mliquo
701 2331 894 2427 corpore:
924 2328 1014 2427 post
1041 2316 1139 2397 elios
1159 2324 1335 2425 quatuor

341 2472 428 2555 dies
447 2473 489 2555 in
508 2470 705 2561 furfurem
722 2474 799 2558 illae
814 2474 924 2558 abire
943 2482 1260 2568 consueverunt3
1291 2483 1333 2553 et

343 2660 442 2721 mox
471 2635 613 2717 omnis
638 2637 749 2731 mala
770 2636 977 2721 recedunt.
1037 2633 1086 2717 In
1115 2634 1255 2746 paucis
1282 2632 1365 2715 eo'
1417 2728 1420 2732 ,

341 2793 428 2902 ipso
457 2804 644 2904 tempore
670 2796 901 2877 increscunt
926 2792 1045 2877 febris
1070 2805 1112 2875 et
1132 2792 1329 2905 jactatio;
1481 2786 1483 2790 ’

341 2963 385 3034 et
401 2954 525 3035 modo
542 2952 626 3037 cite
644 2979 763 3048 mors,
792 2952 917 3036 modo
935 2951 1049 3033 lenta
1065 2950 1179 3035 tabes
1199 2950 1333 3035 subse-

341 3111 495 3222 quitur.

424 3268 563 3354 Tussis
593 3281 637 3353 et
666 3267 846 3382 spirandi
881 3264 1094 3352 difficultas
1129 3269 1332 3378 sanguinis

341 3428 575 3513 missionem
611 3427 793 3540 quolibet
831 3426 965 3514 morbi
1001 3428 1067 3511 die
1104 3427 1327 3539 requirunt.

287 3586 292 3591 ’
342 3585 457 3707 Tum
473 3587 595 3683 victu,
616 3599 659 3669 et
685 3587 1005 3684 medicamentis,
1025 3582 1228 3699 quantum
1245 3586 1334 3673 fieri

342 3758 485 3859 potest,
515 3756 633 3829 aestus
657 3742 854 3857 febn'sque'
881 3746 1108 3857 mitiganda
1130 3759 1203 3832 est.
1261 3748 1330 3832 Ad

341 3934 531 3991 somnum
572 3907 823 3994 movendum
867 3932 976 4017 saepe
1015 3906 1236 3989 necessasia
1272 3919 1333 3995 est

341 4065 491 4178 Sympi
516 4062 850 4178 Papaveriselbi
875 4063 1083 4163 drachma,
1113 4067 1179 4149 vel
1207 4063 1331 4149 Tinc-

342 4236 444 4312 turoe
461 4226 561 4339 opii
587 4239 714 4337 guttae
737 4237 817 4308 tres
838 4208 1078 4338 quatuorve.
1136 4221 1329 4335 Denique

342 4386 485 4473 morbo
501 4385 619 4476 finito
633 4386 775 4471 alvum
792 4384 946 4470 solvere
964 4392 1137 4495 oportet.
1251 4434 1255 4443 -

821 4570 848 4623 n
