3500 5309
858 676 933 755 al·

391 890 537 981 virium
560 891 795 976 adhibenda
816 904 921 975 sunt.
982 888 1194 977 Interdum
1212 866 1379 1003 prosunt

392 1080 480 1161 quae
507 1052 549 1132 in
573 1052 711 1135 alvum
741 1049 1020 1147 infunduntur,
1058 1063 1147 1134 turn
1175 1053 1408 1167 praecipue‘

393 1208 460 1291 ubi
484 1210 669 1297 lumbrici
693 1212 783 1295 imis
812 1210 991 1323 partibus
1015 1190 1295 1296 intestinorum
1320 1214 1378 1297 in·

391 1369 583 1468 haereant,
603 1373 674 1483 qui
692 1401 780 1455 mos
797 1385 858 1455 est
875 1373 1113 1456 ascaridum.
1158 1369 1379 1457 Conooetio

390 1534 588 1615 seruanda
610 1546 670 1615 est
694 1562 768 1646 per
789 1533 899 1617 cibos
922 1534 1221 1629 convenientes,
1251 1544 1292 1614 et
1318 1560 1379 1615 re·

391 1689 528 1773 media
545 1720 636 1802 quae
654 1691 862 1774 stomacho
880 1692 1142 1777 subveniant:
1172 1703 1263 1775 tum
1278 1691 1379 1775 curi·

390 1879 459 1933 oso
477 1851 588 1934 victu
611 1879 757 1934 cavere
783 1862 946 1963 oportet
964 1880 1016 1935 ne
1035 1850 1186 1934 inutilis
1205 1851 1379 1933 materia

390 2013 549 2124 corpori
576 2014 768 2124 supersit:
798 2040 896 2097 nam
914 2013 983 2096 ubi
1000 2013 1197 2124 pabulum
1216 2025 1275 2095 est
1291 2013 1377 2133 ido·

389 2201 526 2268 neum,
546 2173 598 2253 eo
615 2172 771 2253 semina
784 2170 1014 2269 herbarum,
1035 2172 1086 2252 eb
1103 2170 1375 2256 animantium

326 2436 330 2440 .
390 2359 468 2415 ova
486 2331 665 2442 protinus
683 2328 874 2414 feruntur.

750 2953 902 3021 CAPUT
922 2952 1010 3019 XVI.

762 3179 827 3256 De
838 3177 998 3262 Vomitu.

471 3448 676 3531 Voru'rrus
700 3473 806 3557 saepe
829 3444 915 3526 aliis
937 3441 1086 3525 morbis
1105 3440 1286 3550 aocedit3
1316 3442 1375 3525 in·
1498 3534 1499 3541 Ν

386 3608 549 3690 terdum
573 3607 658 3715 ipse
681 3632 756 3713 per
777 3631 819 3684 se
841 3601 1006 3687 morbus
1033 3613 1104 3684 est.
1126 3714 1132 3724 1
1163 3599 1290 3687 Porro
1307 3601 1374 3686 vel

387 3764 545 3857 crudus,
560 3761 627 3845 rel
651 3769 788 3846 coctus
806 3772 876 3843 est.
935 3757 1018 3843 Ubi
1049 3757 1101 3852 id,
1129 3756 1239 3870 quod
1267 3760 1374 3842 sum·

385 3934 476 4004 tum
505 3931 577 4015 est,
609 3918 781 4002 crudum
810 3928 854 4001 et
878 3912 1150 4003 inconfectum
1177 3918 1371 4017 redditur,

385 4108 549 4168 eausam
571 4108 654 4162 esee
677 4078 860 4162 ciborum
884 4076 1178 4160 abundantiam
1202 4078 1372 4166 nimiam

385 4237 574 4319 credibile
606 4247 676 4331 est,
715 4249 758 4317 et
788 4235 911 4317 modo
947 4208 1262 4347 temperantiam
1298 4265 1374 4347 pro

385 4396 566 4480 remedio
583 4396 742 4525 requiri.
787 4394 856 4481 Ad
870 4395 1072 4481 vomitum
1086 4406 1247 4485 coctum
1266 4424 1372 4512 saepe
