3500 5309
770 737 1010 795 PRAEFATIO.

399 930 589 1029 imitetur,
636 945 759 1045 atque
803 933 909 1017 illius
957 932 1133 1043 vestigiis
1183 930 1388 1016 inhaereat.

401 1090 616 1175 Solvantur
632 1090 774 1189 fasciae,
801 1094 991 1175 dematur
1015 1092 1166 1175 inutilis
1191 1092 1313 1189 cibus,
1339 1111 1392 1175 ne

401 1263 565 1338 artuum
582 1254 753 1366 jactatio
770 1265 813 1336 et
829 1254 1129 1337 incrementum
1144 1252 1392 1349 cohibeatur,

402 1440 508 1495 neve
537 1412 767 1496 stomachus
795 1423 987 1522 gravetur
1016 1424 1059 1493 et
1085 1412 1394 1497 concoctionem

405 1571 615 1681 impediat.
674 1570 813 1669 Quam
847 1574 957 1656 enim
990 1573 1234 1685 pravitatem
1266 1601 1395 1656 mem-

403 1729 580 1828 brorum,
615 1760 742 1845 quam
769 1732 1047 1840 distortionem
1072 1692 1125 1821 ,cx
1156 1732 1231 1814 illis
1255 1743 1395 1815 natam

401 1891 578 1975 solemus
604 1893 839 2005 deplorare?
873 1891 1089 1983 ,Cruditas
1116 1893 1246 1979 etiam
1269 1906 1396 2003 quan·

404 2061 489 2132 tam
514 2063 674 2161 partem
692 2050 927 2135 morborum
947 2051 1166 2163 puerilium
1184 2077 1269 2134 una
1287 2078 1396 2133 com-

403 2208 627 2319 plectitur?
694 2209 903 2321 Siquidem
943 2212 1066 2292 modo
1106 2206 1282 2294 vomitus
1324 2222 1394 2307 est,
1441 2246 1444 2251 ·

405 2368 531 2452 modo
558 2370 672 2452 alvus
697 2342 795 2466 tusa,
822 2370 947 2452 modo
976 2367 1142 2465 inflatio,
1174 2369 1297 2451 modo
1319 2380 1397 2452 tor·

374 2523 531 2625 mina,
579 2528 721 2612 modo-
747 2530 898 2612 vcntris
934 2540 1084 2625 tumor,
1130 2525 1425 2640 frequentissi·,

402 2716 605 2801 mumque
628 2702 688 2772 est
708 2690 850 2775 vitium
872 2718 956 2803 quo
977 2691 1090 2773 cibus
1111 2689 1269 2773 acescit
1327 2688 1397 2773 Ad

408 2850 650 2930 cmditatem
694 2878 857 2962 quoque
898 2851 1034 2933 nescio
1073 2878 1127 2932 an
1167 2850 1399 2959 pertineant
1506 2871 1511 2881 ’
1633 2932 1634 2948 Ν

408 3007 583 3119 aphthae,
619 3006 818 3104 lumbrici,
854 3009 1003 3119 vigilia,
1036 3007 1160 3103 tabeS,
1202 3006 1395 3105 dcbiiitas,

409 3167 592 3277 pustuloe,
614 3177 655 3247 et
671 3166 932 3249 distentiones
949 3166 1239 3261 membrorum,
1254 3166 1398 3278 quibus

408 3326 607 3425 omnibus,
640 3326 773 3436 pueri'
802 3326 984 3406 maxime
1030 3325 1246 3435 opportuni
1289 3336 1393 3408 suut.
1467 3358 1471 3367 ·

302 3576 304 3580 .
411 3482 521 3568 Cum
539 3513 638 3568 vero
666 3485 868 3584 cernimus
892 3486 957 3567 lac
981 3484 1023 3567 in
1047 3483 1236 3566 uberibus
1260 3486 1398 3567 matris

408 3671 436 3724 a
453 3640 551 3725 Deo
567 3670 651 3725 esse
670 3657 952 3755 praeparatum,
973 3672 1046 3727 cur
1070 3672 1153 3727 non
1176 3670 1238 3727 ars
1264 3658 1398 3754 nostra

405 3803 559 3913 primos
583 3799 704 3885 faciat
732 3802 841 3885 cibos
869 3803 963 3886 lacti
996 3830 1122 3914 quam
1150 3768 1397 3884 simillimos?
1521 3855 1524 3863 ι

411 3960 524 4059 Quid
543 3964 652 4046 enim
670 3964 870 4075 quispiam
890 3961 1105 4073 profecerit
1123 3963 1397 4046 medicamen·
1517 3983 1521 3988 ·

408 4122 460 4205 tis
475 4124 709 4234 conquisitis
722 4135 765 4205 et
784 4125 1023 4233 compositis
1048 4126 1079 4207 si
1098 4152 1206 4207 nova
1220 4123 1397 4234 quotidie

411 4283 565 4393 ingesta
586 4285 773 4366 materies
795 4311 903 4365 nova
928 4285 1058 4393 pariat
1081 4285 1215 4366 mala?
1274 4280 1311 4363 Is
1329 4282 1397 4363 de-

389 4442 538 4537 mum,
572 4454 619 4525 ut
656 4442 758 4526 mihi
788 4444 961 4541 videtur,
991 4446 1151 4527 sanitati
1165 4472 1397 4557 puerorum
