3500 5309
876 660 902 739 2'

395 876 471 960 ties
487 905 651 963 somnus
669 878 916 991 interruptus
933 879 997 977 sit,
1017 906 1125 990 pane
1144 874 1388 976 madefacto,

396 1049 444 1119 ut
472 1036 530 1137 fit,
558 1039 791 1151 stomachus
819 1018 863 1121 ui
898 1038 1034 1121 statim
1062 1038 1280 1149 replendus
1305 1049 1389 1133 est;

394 1224 541 1282 verum
565 1199 852 1283 exercitatione
882 1198 964 1281 leni
988 1198 1262 1307 producendae
1286 1199 1392 1281 vires

285 1385 287 1389 ⁴
396 1324 631 1463 creicentes,
672 1369 715 1441 et
746 1358 850 1441 inter
881 1369 1158 1470 opportunam
1189 1355 1391 1440 abstinen-

395 1513 496 1597 tiam
532 1514 623 1598 cibo
659 1528 892 1628 opportuno
928 1543 1085 1626 corpus·
1109 1515 1387 1599 nutriendum.

396 1672 542 1788 Itaque
585 1704 712 1759 cornu
744 1674 954 1771 bovinum,
983 1674 1062 1769 vel,
1092 1674 1203 1786 quod
1230 1674 1391 1784 elegan-

236 1909 239 1921 .
268 1948 271 1951 q
394 1836 473 1919 tius
487 1848 559 1934 est,
575 1837 799 1947 ampullam
812 1836 986 1919 vitream
1002 1831 1247 1945 perforatam
1262 1861 1392 1919 mem·
1492 1912 1495 1919 ,

395 1996 602 2110 branaque
623 2008 787 2093 tectam,
800 1988 805 1993 ⁵
819 2009 860 2078 et
885 1996 964 2079 alia
987 1992 1161 2078 artificia
1189 2022 1274 2078 non
1303 1994 1391 2077 sine

395 2157 553 2239 ratione
571 2155 758 2281 homines
774 2156 1030 2251 invenerunt,
1060 2166 1108 2237 ut
1124 2156 1392 2268 quemadmo-
1424 2260 1426 2264 .

395 2316 496 2399 dum
532 2317 597 2398 lac
623 2344 688 2398 ex
723 2314 924 2412 uberibus,
965 2316 1022 2398 ita
1062 2343 1116 2397 ex
1152 2315 1216 2399 his
1251 2315 1390 2399 cibum

393 2477 575 2588 sugendo
597 2503 700 2588 puer
719 2453 908 2572 attrahat,
938 2504 1073 2587 neque
1097 2476 1190 2587 plus
1213 2488 1391 2559 assumat

393 2664 521 2750 quam
537 2636 650 2719 velit.
709 2632 822 2752 Nam
849 2647 897 2717 ut
924 2663 1031 2747 saepe
1058 2634 1147 2717 cibo
1174 2636 1387 2747 utendum,

392 2796 450 2880 sic
470 2796 619 2909 exiguo
638 2805 707 2878 est.

476 2951 684 3068 Principio
716 2934 811 3035 satis
846 2964 906 3034 est
941 2953 1006 3036 lac
1041 2954 1270 3051 vaccinum,
1309 2960 1389 3056 vel,

394 3115 622 3229 quodcum
643 3112 825 3221 humano
853 3112 1019 3223 propius
1040 3115 1244 3213 convenit,
1275 3118 1390 3201 asini·

356 3379 357 3382 p
394 3302 509 3375 num,
539 3274 652 3361 nullo
678 3249 786 3385 pane
815 3272 999 3385 adjecto;
1030 3285 1120 3356 tum
1142 3276 1259 3384 pani's
1282 3304 1391 3391 aqua

394 3435 577 3523 fervente
601 3413 1021 3545 paulisper'mollitus,
1052 3435 1149 3516 dein
1167 3418 1264 3521 cum
1283 3439 1389 3523 lacte

395 3594 614 3690 contritus3
655 3592 754 3675 item
784 3592 848 3675 lac
879 3598 991 3704 aqua
1010 3572 1197 3677 ¹mixtum
1231 3598 1273 3681 iu
1306 3624 1390 3712 qua

301 3812 306 3823 -
372 3712 610 3867 nordeum,
657 3780 800 3850 avena,
842 3764 916 3835 aut
951 3780 1074 3865 oryza
1109 3755 1280 3839 decocta
1315 3771 1388 3843 est.

398 3917 586 4001 Vicissim
602 3915 708 3997 sumi
726 3894 892 4025 possunt
908 3913 1033 3995 modo
1050 3913 1164 4013 haec‚'
1181 3917 1304 3999 modo
1320 3919 1391 4031 jus
1493 3887 1496 3891 ι

362 4114 369 4128 -
384 4080 440 4177 ‚in
458 4103 541 4188 quo
558 4073 758 4158 hordeum
776 4071 842 4155 vel
860 4098 995 4185 oryza,
1013 4076 1081 4161 vel
1104 4077 1219 4186 panis
1237 4076 1389 4191 aliquid

397 4250 496 4323 'cum
515 4262 637 4319 carne
650 4241 811 4321 coctum
830 4244 903 4316 est.
963 4230 1084 4318 Circa
1095 4245 1256 4321 sextum
1274 4266 1388 4327 men·

397 4421 487 4483 rem
505 4391 752 4477 convenient
765 4388 1071 4491 hisvalentiom‚
1087 4394 1189 4511 sicut
1204 4424 1297 4509 quae
1315 4426 1388 4483 nos
1442 4390 1445 4399 ’
