3500 5309
817 634 869 723 ol

350 850 461 939 Cum
479 867 621 942 tamen
636 856 756 943 febris
773 858 858 945 fere
877 814 993 944 nuile
1009 859 1180 959 accedit,
1198 859 1252 942 ad
1271 856 1346 943 hos

348 1014 518 1100 affectus
540 1020 654 1104 nullo
679 1020 804 1111 modo
831 1020 918 1105 illas
941 1020 1144 1131 pertinere
1170 1046 1341 1102 censeo:

347 1204 442 1287 quae
477 1177 580 1261 mihi
621 1178 865 1264 confirmata
903 1178 1104 1263 sententia
1140 1190 1211 1273 est,
1246 1179 1345 1290 quia

348 1367 494 1449 pueros
511 1340 576 1424 his
593 1354 812 1455 occupatos
832 1340 929 1439 vidi,
960 1369 1062 1453 quos
1083 1350 1207 1422 antea
1228 1365 1343 1422 cura-

346 1527 490 1585 veram
508 1499 620 1585 febre
638 1502 762 1587 rubra
779 1502 1019 1585 laborantes

355 1712 359 1721 ·
430 1658 526 1771 Alia
540 1684 692 1779 genera
709 1670 815 1757 sunt,
835 1638 926 1772 ‹juae
944 1658 1105 1776 singula
1118 1657 1346 1745 describere

347 1847 659 1933 supervacuum·
675 1833 789 1905 esset.
842 1821 1019 1905 Omnia
1041 1822 1181 1907 alvum
1210 1823 1344 1933 requi

347 1989 445 2063 runt
461 1993 671 2080 teneram.;
701 1994 755 2080 et,
782 1982 814 2066 si
836 2010 990 2067 nausea
1011 1993 1084 2079 est,
1111 1983 1208 2067 dare
1226 2008 1343 2095 opors

347 2151 410 2223 tet
440 2141 596 2252 aliquid
633 2138 779 2238 Cretae,
828 2139 1104 2253 Magnesiaeve
1137 2142 1252 2240 albae,
1298 2154 1342 2227 et

347 2300 497 2385 deinde
509 2299 835 2387 Rhabarbarum.
881 2302 1041 2387 Verum
1060 2302 1131 2386 ubi
1148 2303 1347 2389 valetudo

347 2462 518 2547 adversa
545 2491 630 2546 non
658 2475 730 2562 est,
762 2463 951 2547 remediis
980 2461 1180 2546 abstinere
1204 2462 1342 2545 utilius

318 2742 321 2746 .
349 2652 433 2706 esse
452 2620 653 2709 existimo.
711 2626 776 2708 Sic
799 2622 1075 2709 laborantibus
1104 2622 1227 2735 frigus
1256 2622 1349 2708 sere

350 2782 561 2868 mimicum
597 2796 671 2869 est
741 2781 866 2867 Cibus
897 2784 997 2868 lenis
1026 2796 1070 2867 et
1099 2772 1225 2867 ¹facilis
1256 2814 1341 2869 esse

348 2941 484 3027 debet

431 3100 637 3209 Adversus
658 3101 762 3184 cutis
784 3098 884 3183 vitia
910 3097 1171 3183 obstinatiore
1200 3103 1342 3186 admo-

349 3264 533 3347 vendum
566 3275 627 3347 est
661 3261 911 3349 extrinsecus
938 3257 1174 3353 Deeoetum
1200 3260 1349 3345 Helle.

349 3421 438 3505 bori
455 3423 549 3520 albi,
566 3423 636 3506 vel
653 3422 925 3533 Unguentum
938 3394 1069 3504 Caicis
1082 3420 1346 3534 Hydrargyri

349 3580 465 3678 alba,
484 3580 553 3664 vel
574 3592 832 3691 unguentum
850 3580 962 3692 quod
984 3579 1109 3664 babet
1128 3581 1341 3692 Unguenti

352 3738 612 3853 Hydrargyri
644 3738 781 3859 nitrati
811 3739 1026 3850 Unguenti
1042 3738 1189 3852 Adipis
1216 3743 1348 3853 suillas

350 3902 600 4012 singulorum
648 3926 724 4012 par
766 3899 940 4011 pondus.
1017 3898 1132 3983 Intus
1177 3930 1340 4015 quoque

351 4063 489 4148 danda
513 4061 684 4147 subinde
707 4062 774 4146 vel
798 4062 948 4158 Senna,
977 4061 1044 4143 vel
1071 4059 1197 4174 Aqua
1226 4065 1340 4165 salsa,

351 4221 515 4307 aliudve
532 4219 884 4305 medicamentum
901 4220 1012 4333 quod
1031 4221 1170 4305 alvum
1186 4222 1316 4306 solvat
1326 4256 1346 4323 ςλ

352 4389 444 4463 tum
458 4379 564 4465 inter
577 4378 667 4464 haec
680 4373 896 4462 Cinchone
913 4406 1060 4490 eorpus
1076 4374 1349 4477 firmandum„
