3500 5309
851 692 909 781 56

472 920 579 1007 Haec
602 920 722 1006 febris
744 950 959 1036 nunquam
983 920 1085 1006 mihi
1104 919 1187 1003 visa
1206 927 1267 1001 est
1287 938 1383 1013 συη-

387 1080 551 1192 tagiosa.
909 1074 911 1079 ’

686 1430 1075 1475 Μ

733 1706 887 1773 CAPUT
907 1705 1027 1779 XLVI
1164 1758 1165 1763 ,

510 1922 514 1927 ’
547 1929 550 1934 ’
693 1931 758 2011 De
774 1932 894 2010 Febre
918 1933 1069 2009 hectico.

468 2196 503 2282 F
504 2217 622 2281 sams
642 2195 802 2281 hectica
817 2196 1061 2308 appellatur,
1082 2193 1152 2276 ubi
1170 2192 1273 2289 vires
1291 2220 1378 2277 sen·

380 2360 459 2444 sim
479 2371 673 2473 pereunt,
702 2370 919 2470 torpetque
938 2356 1019 2438 illa
1043 2380 1266 2466 puerorum
1288 2363 1376 2437 tam

381 2517 565 2601 amabilis
599 2516 789 2614 hilaritas,
833 2528 1050 2627 totumque
1088 2542 1235 2625 corpus
1263 2514 1376 2598 lenta

324 2660 327 2664 ’
381 2675 478 2760 tabe
509 2655 770 2776 comumitur.
841 2677 939 2761 Hoc
967 2675 1016 2758 fit
1046 2676 1290 2788 plerumque
1322 2676 1375 2759 ab

285 2811 298 2842 ⁵
380 2838 529 2949 aliquo?
534 2838 650 2921 ‘intus
670 2837 781 2933 vitia,
800 2838 880 2933 cui,
899 2837 932 2919 si
950 2836 1254 2947 detegipotest,
1274 2846 1371 2921 ante

379 2995 522 3078 omnia
547 2994 624 3075 erit
647 2995 911 3078 medendum.
973 2990 1085 3076 Cum>
1103 3021 1203 3077 vero
1232 2993 1275 3076 in
1305 2992 1374 3075 ob·
1532 3102 1535 3107 Ι

380 3182 497 3237 scuro
513 3180 621 3265 saepe
639 3177 762 3236 causa
779 3154 967 3265 ponitur;
998 3165 1070 3235 aut
1088 3153 1118 3235 si
1135 3181 1221 3235 non
1232 3153 1370 3251 lateat,

378 3328 522 3399 tamen
540 3315 767 3399 remedium
785 3325 944 3427 certum
965 3342 1050 3397 non
1069 3313 1260 3409 admittit,
1281 3313 1373 3395 satis

379 3477 458 3560 erit
490 3504 584 3559 eam
620 3476 847 3572 materiam,
892 3502 983 3585 quae
1019 3474 1166 3559 laedere
1196 3474 1370 3573 videtur,

377 3636 586 3720 movendo
630 3632 798 3717 subinde
844 3602 984 3717 alvum
1032 3632 1277 3730 subtrahere,
1330 3647 1373 3718 et

379 3799 499 3884 simul
520 3798 625 3882 vires
649 3797 837 3882 omnibus
863 3797 994 3879 modis
1020 3794 1185 3879 nutrire.
1245 3791 1371 3891 Quod

379 3961 495 4072 siqua
530 3986 633 4071 pars,
677 3969 725 4040 ut
755 3960 881 4054 alvus,
915 3967 988 4039 aut
1013 3954 1254 4050 stomachus,
1286 3982 1368 4065 prae

314 4093 317 4099 ⁵
374 4117 532 4202 ›caeteris
575 4114 742 4212 laboret,
787 4115 1083 4199 occurrendum
1126 4113 1368 4225 tempestive

378 4274 672 4359 vehementiori
690 4264 813 4356 malo.

461 4430 669 4544 Plerisque
684 4430 934 4517 conveniunt
943 4372 1070 4542 grana
1086 4431 1243 4547 aliquot
1254 4429 1366 4519 Rha
